@inproceedings{voss2016classification,
  title={Classification of Knowledge Organization Systems with Wikidata.},
  author={Vo{\ss}, Jakob},
  booktitle={NKOS@ TPDL},
  pages={15--22},
  year={2016}
}
@article{nuutila1994finding,
  title={On finding the strongly connected components in a directed graph},
  author={Nuutila, Esko and Soisalon-Soininen, Eljas},
  journal={Information processing letters},
  volume={49},
  number={1},
  pages={9--14},
  year={1994},
  publisher={Elsevier}
}

@article{rubin1978enumerating,
  title={Enumerating all simple paths in a graph},
  author={Rubin, FRANK},
  journal={IEEE Transactions on Circuits and Systems},
  volume={25},
  number={8},
  pages={641--642},
  year={1978},
  publisher={IEEE}
}

@article{derksen2023digitalization,
  title={Digitalization and Sustainability in German Continuing Education},
  author={Derksen, Felix and D{\"o}rpinghaus, Jens},
  year={2023},
  journal={Lecture Notes in Informatics (LNI)},
  publisher={Gesellschaft f{\"u}r Informatik eV}
}

@Book{		  stops2020machbarkeitsstudie,
  title		= {Machbarkeitsstudie kompetenz-kompass: Teilprojekt 2:
		  Beobachtung von kompetenzanforderungen in
		  stellenangeboten},
  author	= {Stops, Michael and B{\"a}chmann, Ann-Christin and
		  Glassner, Ralf and Janser, Markus and Matthes, Britta and
		  Metzger, Lina-Jeanette and M{\"u}ller, Christoph and Seitz,
		  Joachim},
  year		= {2020},
  publisher	= {Bundesministerium f{\"u}r Arbeit und Soziales}
}

@Book{		  ilo2020,
  title		= {The feasibility of using big data in anticipating and
		  matching skills needs},
  editors	= {Ana Podjanin and Olga Strietska-Ilina},
  year		= {2020},
  publisher	= {International Labour Office}
}


@InProceedings{	  bhola2020retrieving,
  title		= {Retrieving skills from job descriptions: A language model
		  based extreme multi-label classification framework},
  author	= {Bhola, Akshay and Halder, Kishaloy and Prasad, Animesh and
		  Kan, Min-Yen},
  booktitle	= {Proceedings of the 28th International Conference on
		  Computational Linguistics},
  pages		= {5832--5842},
  year		= {2020}
}

@TechReport{	  ziegler2012verwendung,
  title		= {Zur Verwendung von Berufsinformation im Hinblick auf
		  Matching in Deutschland und {\"O}sterreich},
  author	= {Ziegler, Petra},
  year		= {2012},
  institution	= {AMS info}
}

@Article{	  hermes2016stellenanzeigenanalyse,
  title		= {Stellenanzeigenanalyse in der
		  Qualifikationsentwicklungsforschung},
  author	= {Hermes, J{\"u}rgen and Schandock, Michael},
  journal	= {Die Nutzung maschineller Lernverfahren zur Klassifikation
		  von Textabschnitten. Bundesinstitut f{\"u}r Berufsbildung,
		  Bonn},
  year		= {2016}
}


@Article{	  buchmann2022swiss,
  title		= {Swiss Job Market Monitor: A Rich Source of Demand-Side
		  Micro Data of the Labour Market},
  author	= {Buchmann, Marlis and Buchs, Helen and Busch, Felix and
		  Clematide, Simon and Gnehm, Ann-Sophie and M{\"u}ller, Jan},
  journal	= {European Sociological Review},
  volume	= {38},
  number	= {6},
  pages		= {1001--1014},
  year		= {2022},
  publisher	= {Oxford University Press UK}
}


@InProceedings{	  gnehm2020text,
  title		= {Text zoning and classification for job advertisements in
		  German, French and English},
  author	= {Gnehm, Ann-Sophie and Clematide, Simon},
  booktitle	= {Proceedings of the Fourth Workshop on Natural Language
		  Processing and Computational Social Science},
  pages		= {83--93},
  year		= {2020}
}

@InProceedings{	  ros2020mining,
  title		= {Mining Wages in Nineteenth-Century Job Advertisements. The
		  Application of Language Resources and Language Technology
		  to study Economic and Social Inequality},
  author	= {Ros, Ruben and Van Erp, Marieke and Rijpma, Auke and
		  Zijdeman, Richard},
  booktitle	= {Proceedings of the Workshop about Language Resources for
		  the SSH Cloud},
  pages		= {27--32},
  year		= {2020}
}

@Article{	  carnevale2014understanding,
  title		= {Understanding online job ads data},
  author	= {Carnevale, Anthony P and Jayasundera, Tamara and Repnikov,
		  Dmitri},
  journal	= {Georgetown University, Center on Education and the
		  Workforce, Technical Report (April)},
  year		= {2014}
}

@Book{		  berkesewicz2021inferring,
  title		= {Inferring job vacancies from online job advertisements},
  author	= {Ber{\k{e}}sewicz, Maciej and Pater, Robert},
  year		= {2021},
  publisher	= {Publications Office of the European Union}
}

@Article{	  kreuzer2018visualisierung,
  title		= {Visualisierung der Opportunity Recognition-Kompetenz von
		  Industriekaufleuten},
  author	= {Kreuzer, Christine},
  journal	= {Zeitschrift f{\"u}r Berufs-und Wirtschaftsp{\"a}dagogik},
  volume	= {114},
  number	= {2},
  pages		= {247--271},
  year		= {2018},
  publisher	= {Franz Steiner Verlag}
}

@InProceedings{	  degenhardt2018kompetenzen,
  title		= {Kompetenzen f{\"u}r eine digitalisierte
		  Arbeitswelt--Anforderungen an Aus-und Weiterbildung},
  author	= {Degenhardt, Silke},
  booktitle	= {Digitaler Wandel in der Sozialwirtschaft},
  pages		= {259--272},
  year		= {2018},
  organization	= {Nomos Verlagsgesellschaft mbH \& Co. KG}
}

@Article{	  smirnov2020estimating,
  title		= {Estimating educational outcomes from students’ short
		  texts on social media},
  author	= {Smirnov, Ivan},
  journal	= {EPJ Data Science},
  volume	= {9},
  number	= {1},
  pages		= {1--11},
  year		= {2020},
  publisher	= {SpringerOpen}
}

@article{everett1999centrality,
  title={The centrality of groups and classes},
  author={Everett, Martin G and Borgatti, Stephen P},
  journal={The Journal of mathematical sociology},
  volume={23},
  number={3},
  pages={181--201},
  year={1999},
  publisher={Taylor \& Francis}
}

@article{FischerEtAl2019,
  title={Berufliche Kompetenzen von Gefl{\"u}chteten erkennen? Exemplarische Befunde zur Kompetenzmessung im Bereich der Metallbearbeitung und Metallverarbeitung},
  author={Fischer, Andreas and Hecker, Kristin and Pfeiffer, Iris},
  journal={Zeitschrift f{\"u}r Weiterbildungsforschung},
  volume={42},
  number={1},
  pages={115--131},
  year={2019},
  publisher={Springer Nature BV}
}

@article{FischerNeubert2015,
  title={The multiple faces of complex problems: A model of problem solving competency and its implications for training and assessment},
  author={Fischer, Andreas and Neubert, Jonas C},
  journal={Journal of Dynamic Decision Making},
  volume={1},
  pages={6--6},
  year={2015}
}

@misc{Mueller2022,
  title={Machbarkeitsstudie: Teilqualifikationen in Online-Jobanzeigen (OJA)},
  author={Ziegler, Matthias and Horstmann, Kai and Wehner, C},
  year={2022},
  publisher={Retrieved from Berlin}
}


@book{OrtmannEtAl2023,
  title={Bessere Perspektiven bei Jobwechseln. Zur Ähnlichkeit beruflicher Übergänge},
  author={T. Ortmann,T. Bönke, D. Hühle and L. Hammer},
  year={2ß23},
  address={Gütersloh},
  publisher={Gieselmann}
}

@book{kuppe2015ausbildungsordnungen,
  title={Ausbildungsordnungen und wie sie entstehen},
  author={Kuppe, Anna Maria and Lorig, Barbara and Schwarz, Henrik and St{\"o}hr, Andreas},
  year={2015},
  publisher={Bundesinstitut f{\"u}r Berufsbildung}
}

@book{FischerHeckerWittig2020,
  title={Arbeitsmarktbedarfsanalyse zu beruflichen Kompetenzen und Teilqualifikationen: Eine repr{\"a}sentative Unternehmensbefragung},
  author={Fischer, Andreas and Hecker, Kristin and Wittig, Wolfgang},
  year={2020},
  publisher={Forschungsinstitut Betriebliche Bildung (f-bb)}
}

@techreport{Janser2018,
  title={The greening of jobs in Germany: First evidence from a text mining based index and employment register data},
  author={Janser, Markus},
  year={2018},
  institution={IAB-Discussion Paper}
}

@inproceedings{BinnewittAndSchnepf2023,
  title={Join us to turn the wor(l)d greener! -- Investigating online apprenticeship advertisements’ reference to environmental sustainability},
  author={Binnewitt, Johanna and Schnepf, Timo},
  booktitle={Zum Konzept der Nachhaltigkeit in Arbeit, Beruf und Bildung - Stand in Forschung und Praxis},
  year={2022}
}

@Article{	  ningrum2020text,
  title		= {Text mining of online job advertisements to identify
		  direct discrimination during job hunting process: A case
		  study in Indonesia},
  author	= {Ningrum, Panggih Kusuma and Pansombut, Tatdow and
		  Ueranantasun, Attachai},
  journal	= {Plos one},
  volume	= {15},
  number	= {6},
  pages		= {e0233746},
  year		= {2020},
  publisher	= {Public Library of Science San Francisco, CA USA}
}

@Article{	  settelmeyer2017migrationsbedingte,
  title		= {Migrationsbedingte Mehrsprachigkeit—ein „Plus “beim
		  {\"U}bergang von der Schule in den Beruf},
  author	= {Settelmeyer, Anke and Bremser, Felix and Lewalder, Anna
		  Christin},
  journal	= {Interkulturelle und sprachliche Bildung im mehrsprachigen
		  {\"U}bergang Schule-Beruf},
  pages		= {135--150},
  year		= {2017},
  publisher	= {Waxmann Verlag}
}

@Article{	  marlis2020occupational,
  title		= {Occupational Inequality in Wage Returns to Employer Demand
		  for Types of Information and Communications Technology
		  (ICT) Skills: 1991--2017},
  author	= {Marlis, Buchmann and Buchs, Helen and Ann-Sophie, Gnehm},
  journal	= {K{\"o}lner Zeitschrift f{\"u}r Soziologie und
		  Sozialpsychologie},
  volume	= {72},
  pages		= {455--482},
  year		= {2020},
  publisher	= {Springer Nature BV}
}

@Article{	  mohamad2013educational,
  title		= {Educational data mining: A review},
  author	= {Mohamad, Siti Khadijah and Tasir, Zaidatun},
  journal	= {Procedia-Social and Behavioral Sciences},
  volume	= {97},
  pages		= {320--324},
  year		= {2013},
  publisher	= {Elsevier}
}

@Article{	  romero2007educational,
  title		= {Educational data mining: A survey from 1995 to 2005},
  author	= {Romero, Cristobal and Ventura, Sebastian},
  journal	= {Expert systems with applications},
  volume	= {33},
  number	= {1},
  pages		= {135--146},
  year		= {2007},
  publisher	= {Elsevier}
}

@misc{ZieglerEtAl2022,
  title={Machbarkeitsstudie: Teilqualifikationen in Online-Jobanzeigen (OJA)},
  author={Ziegler, Matthias and Horstmann, Kai and Wehner, C},
  year={2022},
  publisher={Retrieved from Berlin}
}

@article{LiKangBi,
  title={SkillGPT: a RESTful API service for skill extraction and standardization using a Large Language Model},
  author={Li, Nan and Kang, Bo and De Bie, Tijl},
  journal={arXiv preprint arXiv:2304.11060},
  year={2023}
}

@inproceedings{dorpinghaus2023lessons,
  title={Lessons from Continuing Vocational Training Courses for Computer Science Education},
  author={D{\"o}rpinghaus, Jens and Binnewitt, Johanna and Hein, Kristine},
  booktitle={Proceedings of the 2023 Conference on Innovation and Technology in Computer Science Education V. 2},
  pages={636--636},
  year={2023}
}

@article{dutt2017systematic,
  title={A systematic review on educational data mining},
  author={Dutt, Ashish and Ismail, Maizatul Akmar and Herawan, Tutut},
  journal={Ieee Access},
  volume={5},
  pages={15991--16005},
  year={2017},
  publisher={IEEE}
}

@inproceedings{kovalev2020educational,
  title={Educational data mining: current problems and solutions},
  author={Kovalev, Sergey and Kolodenkova, Anna and Muntyan, Evgenia},
  booktitle={2020 V International Conference on Information Technologies in Engineering Education (Inforino)},
  pages={1--5},
  year={2020},
  organization={IEEE}
}

@inproceedings{de2015esco,
  title={ESCO: Towards a Semantic Web for the European Labor Market.},
  author={De Smedt, Johan and le Vrang, Martin and Papantoniou, Agis},
  booktitle={Ldow@ www},
  year={2015}
}

@article{dorpinghaus2023towards,
  title={Towards modelling and analysis of longitudinal social networks},
  author={D{\"o}rpinghaus, Jens and Weil, Vera and Sommer, Martin W},
  journal={Annals of Computer Science and Information Systems},
  volume={37},
  pages={81--89},
  year={2023}
}

@article{dorpinghaus2023towardsglmo,
  title={Towards a German labor market ontology: Challenges and applications},
  author={D{\"o}rpinghaus, Jens and Binnewitt, Johanna and Winnige, Stefan and Hein, Kristine and Kr{\"u}ger, Kai},
  journal={Applied Ontology},
  number={4},
  volume={18},
  pages={343-365},
  year={2023},
  publisher={IOS Press}
}

@inproceedings{dorpinghaus2022analyzing,
  title={Analyzing longitudinal Data in Knowledge Graphs utilizing shrinking pseudo-triangles},
  author={D{\"o}rpinghaus, Jens and Weil, Vera and Binnewitt, Johanna},
  booktitle={2022 17th Conference on Computer Science and Intelligence Systems (FedCSIS)},
  pages={323--327},
  year={2022},
  organization={IEEE}
}

@article{rasti2022novel,
  title={Novel centrality metrics for studying essentiality in protein-protein interaction networks based on group structures},
  author={Rasti, Saeid and Vogiatzis, Chrysafis},
  journal={Networks},
  volume={80},
  number={1},
  pages={3--50},
  year={2022},
  publisher={Wiley Online Library}
}

@article{holme2012temporal,
  title={Temporal networks},
  author={Holme, Petter and Saram{\"a}ki, Jari},
  journal={Physics reports},
  volume={519},
  number={3},
  pages={97--125},
  year={2012},
  publisher={Elsevier}
}

@inproceedings{gruninger2011verification,
  title={Verification of the OWL-time ontology},
  author={Gr{\"u}ninger, Michael},
  booktitle={The Semantic Web--ISWC 2011: 10th International Semantic Web Conference, Bonn, Germany, October 23-27, 2011, Proceedings, Part I 10},
  pages={225--240},
  year={2011},
  organization={Springer}
}

@article{hobbs2004ontology,
  title={An ontology of time for the semantic web},
  author={Hobbs, Jerry R and Pan, Feng},
  journal={ACM Transactions on Asian Language Information Processing (TALIP)},
  volume={3},
  number={1},
  pages={66--85},
  year={2004},
  publisher={ACM New York, NY, USA}
}

@book{marino2015analysis,
  title={Analysis and enumeration: algorithms for biological graphs},
  author={Marino, Andrea},
  volume={6},
  year={2015},
  publisher={Springer}
}

@article{housni2019efficient,
  title={An efficient algorithm for enumerating all minimal paths of a graph},
  author={Housni, Khalid},
  journal={International Journal of Advanced Computer Science and Applications},
  volume={10},
  number={1},
  year={2019},
  publisher={Science and Information (SAI) Organization Limited}
}

@article{callahan2021ace,
  title={ACE: the Advanced Cohort Engine for searching longitudinal patient records},
  author={Callahan, Alison and Polony, Vladimir and Posada, Jos{\'e} D and Banda, Juan M and Gombar, Saurabh and Shah, Nigam H},
  journal={Journal of the American Medical Informatics Association},
  volume={28},
  number={7},
  pages={1468--1479},
  year={2021},
  publisher={Oxford University Press}
}

@inproceedings{xu2021predictive,
  title={Predictive Modeling of Clinical Events with Mutual Enhancement Between Longitudinal Patient Records and Medical Knowledge Graph},
  author={Xu, Xiao and Xu, Xian and Sun, Yuyao and Liu, Xiaoshuang and Li, Xiang and Xie, Guotong and Wang, Fei},
  booktitle={2021 IEEE International Conference on Data Mining (ICDM)},
  pages={777--786},
  year={2021},
  organization={IEEE}
}

@article{zablith2015ontology,
  title={Ontology evolution: a process-centric survey},
  author={Zablith, Fouad and Antoniou, Grigoris and d'Aquin, Mathieu and Flouris, Giorgos and Kondylakis, Haridimos and Motta, Enrico and Plexousakis, Dimitris and Sabou, Marta},
  journal={The knowledge engineering review},
  volume={30},
  number={1},
  pages={45--75},
  year={2015},
  publisher={Cambridge University Press}
}

@inproceedings{roussakis2015flexible,
  title={A flexible framework for understanding the dynamics of evolving RDF datasets},
  author={Roussakis, Yannis and Chrysakis, Ioannis and Stefanidis, Kostas and Flouris, Giorgos and Stavrakas, Yannis},
  booktitle={International Semantic Web Conference},
  pages={495--512},
  year={2015},
  organization={Springer}
}

@article{arndt2019decentralized,
  title={Decentralized collaborative knowledge management using git},
  author={Arndt, Natanael and Naumann, Patrick and Radtke, Norman and Martin, Michael and Marx, Edgard},
  journal={Journal of Web Semantics},
  volume={54},
  pages={29--47},
  year={2019},
  publisher={Elsevier}
}

@book{esco2019,
 year = {2019},
 title = {ESCO handbook: European skills, competences, qualifications and occupations},
 address = {Luxembourg},
 edition = {Second Edition},
 publisher = {{Publication Office of the European Union}},
 isbn = {978-92-79-72148-9},
 institution = {{Europ{\"a}ische Kommission}},
 doi = {10.2767/934956},
}

@misc{Stops.2020,
 author = {Stops, Michael and B{\"a}chmann, Ann-Christin and Glassner, Ralf and Janser, Markus and Matthes, Britta and Metzger, Lina-Jeanette and M{\"u}ller, Christoph and Seitz, Joachim},
 date = {2020},
 title = {Machbarkeitsstudie Kompetenz-Kompass: Teilprojekt 2: Beobachtung von Kompetenzanforderungen in Stellenangeboten},
 url = {https://www.bmas.de/DE/Service/Publikationen/Forschungsberichte/fb-553-machbarkeitsstudie-kompetenz-kompass.html},
 number = {553},
 series = {Forschungsbericht},
 editor = {{Institut f{\"u}r Arbeitsmarkt- und Berufsforschung (IAB)}}
}


@book{KohneFinster.2020,
 author = {K{\"o}hne-Finster, Sabine and Leppelmeier, Ingrid and Helmrich, Robert and Deden, Dennis and Geduldig, Alena and G{\"u}nt{\"u}rk-Kuhl, Bet{\"u}l and Martin, Philipp and Neuber-Pohl, Caroline and Schandock, Manuel and Schreiber, Rebecca Scarlett and Tiemann, Michael},
 year = {2020},
 title = {Berufsbildung 4.0 - Fachkr{\"a}ftequalifikationen und Kompetenzen f{\"u}r die digitalisierte Arbeit von morgen: S{\"a}ule 3: Monitoring- und Projektionssystem zu Qualifizierungsnotwendigkeiten f{\"u}r die Berufsbildung 4.0},
 address = {Leverkusen},
 edition = {1. Auflage},
 volume = {Heft 214},
 publisher = {{Verlag Barbara Budrich}},
 isbn = {3847429590},
 series = {Wissenschaftliche Diskussionspapiere}
}

@article{gunturk2017taxonomie,
  title={Die Taxonomie der Arbeitsmittel des BIBB},
  author={G{\"u}nt{\"u}rk-Kuhl, Bet{\"u}l},
  year={2017},
  journal={Fachbeiträge im Internet},
  publisher={Deutsche Nationalbibliothek}
}


@misc{BertelsmannStiftung.2020,
 author = {{Bertelsmann Stiftung} and {Burning Glass Technologies}},
 date = {2020},
 title = {Digitalization in the German Labor Market: Analyzing Demand for Digital Skills in Job Vacancies},
 publisher = {{BStift - Bertelsmann Stiftung}},
 doi = {10.11586/2019073}
}


@article{Khaouja.2019,
 year = {2019},
 title = {Building a soft skill taxonomy from job openings},
 url = {https://link.springer.com/article/10.1007/s13278-019-0583-9},
 pages = {1--19},
 volume = {9},
 number = {1},
 issn = {1869-5450},
 journal = {Social Network Analysis and Mining},
 doi = {10.1007/s13278-019-0583-9}
}


@inproceedings{Bhola.2020,
 author = {Bhola, Akshay and Halder, Kishaloy and Prasad, Animesh and Kan, Min-Yen},
 title = {Retrieving Skills from Job Descriptions: A Language Model Based Extreme Multi-label Classification Framework},
 pages = {5832--5842},
 publisher = {{International Committee on Computational Linguistics}},
 editor = {Scott, Donia and Bel, Nuria and Zong, Chengqing},
 booktitle = {Proceedings of the 28th International Conference on Computational Linguistics},
 year = {2020},
 address = {Stroudsburg, PA, USA},
 doi = {10.18653/v1/2020.coling-main.513}
}

@article{cardoso2018evolving,
  title={Evolving semantic annotations through multiple versions of controlled medical terminologies},
  author={Cardoso, Silvio and Reynaud-Dela{\^\i}tre, Chantal and Da Silveira, Marcos and Lin, Ying-Chi and Gross, Anika and Rahm, Erhard and Pruski, C{\'e}dric},
  journal={Health and technology},
  volume={8},
  number={5},
  pages={361--376},
  year={2018},
  publisher={Springer}
}

@article{javed2013ontology,
  title={Ontology change management and identification of change patterns},
  author={Javed, Muhammad and Abgaz, Yalemisew M and Pahl, Claus},
  journal={Journal on Data Semantics},
  volume={2},
  number={2},
  pages={119--143},
  year={2013},
  publisher={Springer}
}

@article{eibeck2020parallel,
  title={A parallel world framework for scenario analysis in knowledge graphs},
  author={Eibeck, Andreas and Chadzynski, Arkadiusz and Lim, Mei Qi and Aditya, Kevin and Ong, Laura and Devanand, Aravind and Karmakar, Gourab and Mosbach, Sebastian and Lau, Raymond and Karimi, Iftekhar A and others},
  journal={Data-Centric Engineering},
  volume={1},
  year={2020},
  publisher={Cambridge University Press}
}

@inproceedings{auer2006versioning,
  title={A versioning and evolution framework for RDF knowledge bases},
  author={Auer, S{\"o}ren and Herre, Heinrich},
  booktitle={International Andrei Ershov Memorial Conference on Perspectives of System Informatics},
  pages={55--69},
  year={2006},
  organization={Springer}
}

@incollection{rodriguez2012graph,
  title={The graph traversal pattern},
  author={Rodriguez, Marko A and Neubauer, Peter},
  booktitle={Graph data management: Techniques and applications},
  pages={29--46},
  year={2012},
  publisher={IGI Global}
}

@book{easley2010networks,
  title={Networks, crowds, and markets: Reasoning about a highly connected world},
  author={Easley, David and Kleinberg, Jon},
  year={2010},
  address={Cambridge},
  publisher={University Press}
}

@inproceedings{mokhlissi2015spanning,
  title={Spanning tree based method for a social network analysis},
  author={Mokhlissi, Raihana and Lotfi, Dounia and El Marraki, Mohamed},
  booktitle={2015 IEEE/ACS 12th International Conference of Computer Systems and Applications (AICCSA)},
  pages={1--8},
  year={2015},
  organization={IEEE}
}

@incollection{basuchowdhuri2014detection,
  title={Detection of communities in social networks using spanning tree},
  author={Basuchowdhuri, Partha and Anand, Siddhartha and Srivastava, Diksha Roy and Mishra, Khusbu and Saha, Sanjoy Kumar},
  booktitle={Advanced Computing, Networking and Informatics-Volume 2},
  pages={589--597},
  year={2014},
  publisher={Springer}
}

@article{rollinger2020prolegomena,
  title={Prolegomena. Problems and Perspectives of Historical Network Research and Ancient History},
  author={Rollinger, Christian},
  journal={Journal of Historical Network Research},
  number={4},
  pages={1--35},
  year={2020}
}

@inproceedings{du2007backbone,
  title={Backbone discovery in social networks},
  author={Du, Nan and Wu, Bin and Wang, Bai},
  booktitle={IEEE/WIC/ACM International Conference on Web Intelligence (WI'07)},
  pages={100--103},
  year={2007},
  organization={IEEE}
}

@article{everett2014networks,
  title={Networks containing negative ties},
  author={Everett, Martin G and Borgatti, Stephen P},
  journal={Social networks},
  number={38},
  pages={111--120},
  year={2014},
  publisher={Elsevier}
}

@incollection{labianca2014negative,
  title={Negative ties in organizational networks},
  author={Labianca, Giuseppe Joe},
  booktitle={Contemporary perspectives on organizational social networks},
  year={2014},
  publisher={Emerald Group Publishing Limited}
}

@article{kaur2016analyzing,
  title={Analyzing negative ties in social networks: A survey},
  author={Kaur, Mankirat and Singh, Sarbjeet},
  journal={Egyptian Informatics Journal},
  volume={17},
  number={1},
  pages={21--43},
  year={2016},
  publisher={Elsevier}
}

@article{rosillo2020informal,
  title={Informal Political Communication and Network Theory in the Late Roman Republic},
  author={Rosillo-L{\'o}pez, CRISTINA},
  journal={Journal of Historical Network Research},
  number={4},
  pages={90--113},
  year={2020}
}

@article{scellato2006backbone,
  title={The backbone of a city},
  author={Scellato, Salvatore and Cardillo, Alessio and Latora, Vito and Porta, Sergio},
  journal={The European Physical Journal B-Condensed Matter and Complex Systems},
  volume={50},
  number={1},
  pages={221--225},
  year={2006},
  publisher={Springer}
}

@article{kaushal2018emerging,
  title={Emerging trends in personality identification using online social networks—a literature survey},
  author={Kaushal, Vishal and Patwardhan, Manasi},
  journal={ACM Transactions on Knowledge Discovery from Data (TKDD)},
  volume={12},
  number={2},
  pages={1--30},
  year={2018},
  publisher={ACM New York, NY, USA}
}

@article{rehman2020online,
  title={Online social network trend discovery using frequent subgraph mining},
  author={Rehman, Saif Ur and Asghar, Sohail},
  journal={Social Network Analysis and Mining},
  volume={10},
  number={1},
  pages={1--13},
  year={2020},
  publisher={Springer}
}

@article{brands2015leader,
  title={The leader-in-social-network schema: Perceptions of network structure affect gendered attributions of charisma},
  author={Brands, Raina A and Menges, Jochen I and Kilduff, Martin},
  journal={Organization Science},
  volume={26},
  number={4},
  pages={1210--1225},
  year={2015},
  publisher={Informs}
}

@article{xu2019scalable,
  title={Scalable Gromov-Wasserstein learning for graph partitioning and matching},
  author={Xu, Hongteng and Luo, Dixin and Carin, Lawrence},
  journal={Advances in neural information processing systems},
  number={32},
  pages={3052--3062},
  year={2019}
}

@article{melton2018initial,
  title={An Initial Response to the Call for Reframing the History of New Religious Movements},
  author={Melton, J Gordon},
  journal={Nova Religio: The Journal of Alternative and Emergent Religions},
  volume={21},
  number={4},
  pages={88--95},
  year={2018},
  publisher={University of California Press}
}

@article{pietsch2018new,
  title={New Religious Movements before Modernity? Considerations from a Historical Perspective},
  author={Pietsch, Andreas and Steckel, Sita},
  journal={Nova Religio: The Journal of Alternative and Emergent Religions},
  volume={21},
  number={4},
  pages={13--37},
  year={2018},
  publisher={University of California Press}
}

@article{klein1995fire,
  title={On fire: Charismatic leadership and levels of analysis},
  author={Klein, Katherine J and House, Robert J},
  journal={The Leadership Quarterly},
  volume={6},
  number={2},
  pages={183--198},
  year={1995},
  publisher={Elsevier}
}

@article{scott1988trend,
  title={Trend report social network analysis},
  author={Scott, John},
  journal={Sociology},
  pages={109--127},
  year={1988},
  publisher={JSTOR}
}

@article{meuser2016network,
  title={A network analysis of leadership theory: The infancy of integration},
  author={Meuser, Jeremy D and Gardner, William L and Dinh, Jessica E and Hu, Jinyu and Liden, Robert C and Lord, Robert G},
  journal={Journal of Management},
  volume={42},
  number={5},
  pages={1374--1403},
  year={2016},
  publisher={Sage Publications Sage CA: Los Angeles, CA}
}

@article{bromley2012sociology,
  title={The sociology of new religious movements},
  author={Bromley, David G},
  journal={The Cambridge companion to new religious movements},
  pages={13--28},
  year={2012},
  publisher={Cambridge University Press Cambridge}
}

@article{cheadle2012friendship,
	title={The ‘friendship dynamics of religion,’or the ‘religious dynamics of friendship’? A social network analysis of adolescents who attend small schools},
	author={Cheadle, Jacob E and Schwadel, Philip},
	journal={Social Science Research},
	volume={41},
	number={5},
	pages={1198--1212},
	year={2012},
	publisher={Elsevier}
}

@incollection{czachesz2021approaches,
	title={Approaches to Ancient Religions},
	author={Czachesz, Istv{\'a}n},
	address={Oxford},
	publisher={University Press},
	booktitle={Oxford Research Encyclopedia of Religion},
	year={2021}
}

@article{castelli1998gender,
	title={Gender, theory, and the rise of Christianity: A response to Rodney Stark},
	author={Castelli, Elizabeth A},
	journal={Journal of Early Christian Studies},
	volume={6},
	number={2},
	pages={227--257},
	year={1998},
	publisher={Johns Hopkins University Press}
}

@article{mills2018evaluating,
	title={Evaluating Chaco migration scenarios using dynamic social network analysis},
	author={Mills, Barbara J and Peeples, Matthew A and Aragon, Leslie D and Bellorado, Benjamin A and Clark, Jeffery J and Giomi, Evan and Windes, Thomas C},
	journal={Antiquity},
	volume={92},
	number={364},
	pages={922--939},
	year={2018},
	publisher={Cambridge University Press}
}

@article{mcclure2016introducing,
  title={Introducing Jesus's Social Network: Support, Conflict, and Compassion},
  author={McClure, Jennifer M},
  journal={Interdisciplinary Journal of Research on Religion},
  number={12},
  year={2016},
  publisher={Baylor University}
}

@article{mcclure2020jesus,
  title={Jesus’s Social Network and the Four Gospels: Exploring the Relational Dynamics of the Gospels Using Social Network Analysis},
  author={McClure, Jennifer M},
  journal={Biblical Theology Bulletin},
  volume={50},
  number={1},
  pages={35--53},
  year={2020},
  publisher={SAGE Publications Sage UK: London, England}
}

@article{mcclure2018structure,
  title={The Structure of Jesus's Social Network: Subgroups, Blockmodeling, and Balance.},
  author={McClure, Jennifer M},
  journal={Interdisciplinary Journal of Research on Religion},
  number={14},
  year={2018}
}

@incollection{roitto2019johannine,
	booktitle={Drawing and transcending boundaries in the New Testament and early Christianity},
  title={The Johannine Information War: A Social Network Analysis of the Information Flow between Johannine Assemblies as Witnessed by 1-3 John},
  author={Roitto, Rikard},
  year={2019},
  editor={Jacobus Kok, Martin Webber, Jermo van Nes},
  address={Wien},
  publisher={LIT Verlag}
}

@article{klemm2002growing,
  title={Growing scale-free networks with small-world behavior},
  author={Klemm, Konstantin and Eguiluz, Victor M},
  journal={Physical Review E},
  volume={65},
  number={5},
  pages={057102},
  year={2002},
  publisher={APS}
}

@book{Jackson2010,
author = {Matthew O. Jackson},
doi = {doi:10.1515/9781400833993},
title = {Social and Economic Networks},
year = {2010},
address={Princeton},
publisher = {University Press},
}

@book{scott2012social,
  title={Social Network Analysis},
  author={Scott, J.},
  year={2012},
  publisher={SAGE Publications}
}

@article{white1994betweenness,
  title={Betweenness centrality measures for directed graphs},
  author={White, Douglas R and Borgatti, Stephen P},
  journal={Social networks},
  volume={16},
  number={4},
  pages={335--346},
  year={1994},
  publisher={Elsevier}
}

@article{freeman1977set,
  title={A set of measures of centrality based on betweenness},
  author={Freeman, Linton C},
  journal={Sociometry},
  pages={35--41},
  year={1977},
  publisher={JSTOR}
}

@article{ditsworth2019community,
  title={Community Detection via Katz and Eigenvector Centrality},
  author={Ditsworth, Mark and Ruths, Justin},
  journal={arXiv preprint arXiv:1909.03916},
  year={2019}
}

@article{cowan2007structural,
  title={Structural holes, innovation and the distribution of ideas},
  author={Cowan, Robin and Jonard, Nicolas},
  journal={Journal of Economic Interaction and Coordination},
  volume={2},
  number={2},
  pages={93--110},
  year={2007},
  publisher={Springer}
}

@article{dinh2014leadership,
  title={Leadership theory and research in the new millennium: Current theoretical trends and changing perspectives},
  author={Dinh, Jessica E and Lord, Robert G and Gardner, William L and Meuser, Jeremy D and Liden, Robert C and Hu, Jinyu},
  journal={The Leadership Quarterly},
  volume={25},
  number={1},
  pages={36--62},
  year={2014},
  publisher={Elsevier}
}

@article{kilduff2010organizational,
  title={Organizational social network research: Core ideas and key debates},
  author={Kilduff, Martin and Brass, Daniel J},
  journal={Academy of management annals},
  volume={4},
  number={1},
  pages={317--357},
  year={2010},
  publisher={Routledge}
}

@book{newman2006structure,
  title={The structure and dynamics of networks.},
  author={Newman, Mark Ed and Barab{\'a}si, Albert-L{\'a}szl{\'o} Ed and Watts, Duncan J},
  year={2006},
  address={Princeton},
  publisher={University press}
}

@article{watts1999networks,
  title={Networks, dynamics, and the small-world phenomenon},
  author={Watts, Duncan J},
  journal={American Journal of sociology},
  volume={105},
  number={2},
  pages={493--527},
  year={1999},
  publisher={The University of Chicago Press}
}

@article{millington2021stability,
  title={Stability and similarity in financial networks—How do they change in times of turbulence?},
  author={Millington, Tristan and Niranjan, Mahesan},
  journal={Physica A: Statistical Mechanics and its Applications},
  number={574},
  pages={126016},
  year={2021},
  publisher={Elsevier}
}

@article{girvan2002community,
  title={Community structure in social and biological networks},
  author={Girvan, Michelle and Newman, Mark EJ},
  journal={Proceedings of the national academy of sciences},
  volume={99},
  number={12},
  pages={7821--7826},
  year={2002},
  publisher={National Acad Sciences}
}

@article{mucha2010community,
  title={Community structure in time-dependent, multiscale, and multiplex networks},
  author={Mucha, Peter J and Richardson, Thomas and Macon, Kevin and Porter, Mason A and Onnela, Jukka-Pekka},
  journal={science},
  volume={328},
  number={5980},
  pages={876--878},
  year={2010},
  publisher={American Association for the Advancement of Science}
}

@article{traag2015detecting,
  title={Detecting communities using asymptotical surprise},
  author={Traag, Vincent A and Aldecoa, Rodrigo and Delvenne, J-C},
  journal={Physical review e},
  volume={92},
  number={2},
  pages={022816},
  year={2015},
  publisher={APS}
}

@inproceedings{pares2017fluid,
  title={Fluid communities: A competitive, scalable and diverse community detection algorithm},
  author={Par{\'e}s, Ferran and Gasulla, Dario Garcia and Vilalta, Armand and Moreno, Jonatan and Ayguad{\'e}, Eduard and Labarta, Jes{\'u}s and Cort{\'e}s, Ulises and Suzumura, Toyotaro},
  booktitle={International Conference on Complex Networks and their Applications},
  pages={229--240},
  year={2017},
  organization={Springer}
}

@article{cheng2021graph,
  title={A graph clustering approach to localization for adaptive covariance tuning in data assimilation based on state-observation mapping},
  author={Cheng, Sibo and Argaud, Jean-Philippe and Iooss, Bertrand and Pon{\c{c}}ot, Ang{\'e}lique and Lucor, Didier},
  journal={Mathematical Geosciences},
  pages={1--30},
  year={2021},
  publisher={Springer}
}

@article{wandelt2020community,
  title={Community detection boosts network dismantling on real-world networks},
  author={Wandelt, Sebastian and Shi, Xing and Sun, Xiaoqian and Zanin, Massimiliano},
  journal={IEEE Access},
  number={8},
  pages={111954--111965},
  year={2020},
  publisher={IEEE}
}

@article{boccaletti2006complex,
  title={Complex networks: Structure and dynamics},
  author={Boccaletti, Stefano and Latora, Vito and Moreno, Yamir and Chavez, Martin and Hwang, D-U},
  journal={Physics reports},
  volume={424},
  number={4-5},
  pages={175--308},
  year={2006},
  publisher={Elsevier}
}


@book{gray2014connected,
  title={The connected company},
  author={Gray, Dave and Vander Wal, Thomas},
  year={2014},
  address={Sebastopol},
  publisher={O'Reilly}
}

@article{soda2021brokerage,
  title={Brokerage evolution in innovation contexts: Formal structure, network neighborhoods and knowledge},
  author={Soda, Giuseppe and Zaheer, Akbar and Sun, Xiaoming and Cui, Wentian},
  journal={Research Policy},
  volume={50},
  number={10},
  pages={104343},
  year={2021},
  publisher={Elsevier}
}

@article{zacharias2021collaborations,
  title={Which collaborations allow firms to become gatekeepers? A longitudinal analysis of a large-scale collaboration network},
  author={Zacharias, Nicolas A and Daldere, Dace and Hinz, Oliver},
  journal={European Management Journal},
  year={2021},
  publisher={Elsevier}
}

@article{zaheer2009network,
  title={Network evolution: The origins of structural holes},
  author={Zaheer, Akbar and Soda, Giuseppe},
  journal={Administrative Science Quarterly},
  volume={54},
  number={1},
  pages={1--31},
  year={2009},
  publisher={SAGE Publications Sage CA: Los Angeles, CA}
}

@article{burt2004structural,
  title={Structural holes and good ideas},
  author={Burt, Ronald S},
  journal={American journal of sociology},
  volume={110},
  number={2},
  pages={349--399},
  year={2004},
  publisher={The University of Chicago Press}
}

@article{das2018study,
  title={Study on centrality measures in social networks: a survey},
  author={Das, Kousik and Samanta, Sovan and Pal, Madhumangal},
  journal={Social network analysis and mining},
  volume={8},
  number={1},
  pages={1--11},
  year={2018},
  publisher={Springer}
}

@inproceedings{putman2019fast,
  title={Fast incremental computation of harmonic closeness centrality in directed weighted networks},
  author={Putman, K Lynn and Boekhout, Hanjo D and Takes, Frank W},
  booktitle={2019 IEEE/ACM International Conference on Advances in Social Networks Analysis and Mining (ASONAM)},
  pages={1018--1025},
  year={2019},
  organization={IEEE}
}

@article{vigna2014axioms,
  title={Axioms for centrality},
  author={Vigna, Sebastiano and Boldi, Paolo},
  journal={Internet Mathematics},
  volume={10},
  number={3},
  pages={1564},
  year={2014}
}

@article{borgatti2005centrality,
  title={Centrality and network flow},
  author={Borgatti, Stephen P},
  journal={Social networks},
  volume={27},
  number={1},
  pages={55--71},
  year={2005},
  publisher={Elsevier}
}

@article{bonacich1972factoring,
  title={Factoring and weighting approaches to status scores and clique identification},
  author={Bonacich, Phillip},
  journal={Journal of mathematical sociology},
  volume={2},
  number={1},
  pages={113--120},
  year={1972},
  publisher={Taylor \& Francis}
}

@article{porter2009communities,
  title={Communities in networks},
  author={Porter, Mason A and Onnela, Jukka-Pekka and Mucha, Peter J and others},
  journal={Notices of the AMS},
  volume={56},
  number={9},
  pages={1082--1097},
  year={2009}
}

@article{fortunato2010community,
  title={Community detection in graphs},
  author={Fortunato, Santo},
  journal={Physics reports},
  volume={486},
  number={3-5},
  pages={75--174},
  year={2010},
  publisher={Elsevier}
}

@article{traag2019louvain,
  title={From Louvain to Leiden: guaranteeing well-connected communities},
  author={Traag, Vincent A and Waltman, Ludo and Van Eck, Nees Jan},
  journal={Scientific reports},
  volume={9},
  number={1},
  pages={1--12},
  year={2019},
  publisher={Nature Publishing Group}
}

@article{cinelli2020network,
  title={Network constraints on the mixing patterns of binary node metadata},
  author={Cinelli, Matteo and Peel, Leto and Iovanella, Antonio and Delvenne, Jean-Charles},
  journal={Physical Review E},
  volume={102},
  number={6},
  pages={062310},
  year={2020},
  publisher={APS}
}

@article{rossetti2021conformity,
  title={Conformity: A path-aware homophily measure for node-attributed networks},
  author={Rossetti, Giulio and Citraro, Salvatore and Milli, Letizia},
  journal={IEEE Intelligent Systems},
  volume={36},
  number={1},
  pages={25--34},
  year={2021},
  publisher={IEEE}
}

@article{fortunato2010community,
  title={Community detection in graphs},
  author={Fortunato, Santo},
  journal={Physics reports},
  volume={486},
  number={3-5},
  pages={75--174},
  year={2010},
  publisher={Elsevier}
}

@article{rodriguez2010constructions,
  title={Constructions from dots and lines},
  author={Rodriguez, Marko A and Neubauer, Peter},
  journal={Bulletin of the American Society for Information Science and Technology},
  volume={36},
  number={6},
  pages={35--41},
  year={2010},
  publisher={Wiley Online Library}
}

@book{newman2006structure,
  title={The structure and dynamics of networks.},
  author={Newman, Mark Ed and Barab{\'a}si, Albert-L{\'a}szl{\'o} Ed and Watts, Duncan J},
  year={2006},
  address={Princeton},
  publisher={University press}
}

@INPROCEEDINGS{9222910,

  author={Dörpinghaus, Jens and Jacobs, Marc},

  booktitle={15th Conference on Computer Science and Information Systems (FedCSIS)}, 

  title={Knowledge Detection and Discovery using Semantic Graph Embeddings on Large Knowledge Graphs generated on Text Mining Results}, 

  year={2020},

  volume={},

  number={},

  pages={169-178},

  doi={10.15439/2020F36}}

@inproceedings{collarana2018synthesizing,
  title={Synthesizing Knowledge Graphs from Web Sources with the MINTE Framework},
  author={Collarana, Diego and Galkin, Mikhail and Lange, Christoph and Scerri, Simon and Auer, S{\"o}ren and Vidal, Maria-Esther},
  booktitle={International Semantic Web Conference},
  pages={359--375},
  year={2018},
  organization={Springer}
}

@inproceedings{hyvonen2019knowledge,
  title={Knowledge-based relation discovery in cultural heritage knowledge graphs},
  author={Hyv{\"o}nen, Eero and Rantala, Heikki and others},
  booktitle={Digital Humanities in Nordic Countries Proceedings of the Digital Humanities in the Nordic Countries 4th Conference},
  year={2019},
  organization={CEUR-WS. org}
}

@article{lee2019homophily,
  title={Homophily and minority-group size explain perception biases in social networks},
  author={Lee, Eun and Karimi, Fariba and Wagner, Claudia and Jo, Hang-Hyun and Strohmaier, Markus and Galesic, Mirta},
  journal={Nature human behaviour},
  volume={3},
  number={10},
  pages={1078--1087},
  year={2019},
  publisher={Nature Publishing Group}
}

@article{haslhofer2018knowledge,
  title={Knowledge graphs in the libraries and digital humanities domain},
  author={Haslhofer, Bernhard and Isaac, Antoine and Simon, Rainer},
  journal={arXiv preprint arXiv:1803.03198},
  year={2018}
}

@article{cristofaro2021towards,
  title={Towards the Representation of Claims in Ontologies for the Digital Humanities},
  author={Cristofaro, Salvatore and Sanfilippo, Emilio M and Sichera, Pietro and Spampinato, Daria},
  year={2021}
}

@article{li2021review,
  title={A Review of the Research Progress of Social Network Structure},
  author={Li, Ning and Huang, Qian and Ge, Xiaoyu and He, Miao and Cui, Shuqin and Huang, Penglin and Li, Shuairan and Fung, Sai-Fu},
  journal={Complexity},
  volume={2021},
  year={2021},
  publisher={Hindawi}
}

@book{zheng2017social,
  title={Social networks with rich edge semantics},
  author={Zheng, Quan and Skillicorn, David},
  year={2017},
  publisher={Taylor \& Francis}
}

@book{scott2012social,
  title={Social Network Analysis},
  author={Scott, J.},
  year={2012},
  publisher={SAGE Publications}
}

@inproceedings{bollobas2003directed,
  title={Directed scale-free graphs.},
  author={Bollob{\'a}s, B{\'e}la and Borgs, Christian and Chayes, Jennifer T and Riordan, Oliver},
  booktitle={SODA},
  volume={3},
  pages={132--139},
  year={2003}
}

@article{bollobas2003mathematical,
  title={Mathematical results on scale-free random graphs},
  author={Bollob{\'a}s, B{\'e}la and Riordan, Oliver M},
  journal={Handbook of graphs and networks: from the genome to the internet},
  pages={1--34},
  year={2003},
  publisher={Wiley-Vch Weinheim, Germany}
}

@article{kivela2014multilayer,
  title={Multilayer networks},
  author={Kivel{\"a}, Mikko and Arenas, Alex and Barthelemy, Marc and Gleeson, James P and Moreno, Yamir and Porter, Mason A},
  journal={Journal of complex networks},
  volume={2},
  number={3},
  pages={203--271},
  year={2014},
  publisher={Oxford University Press}
}

@inproceedings{aarstad2013ways,
  title={In what ways are small-world and scale-free networks interrelated?},
  author={Aarstad, Jarle and Ness, H{\aa}vard and Haugland, Sven A},
  booktitle={2013 IEEE International Conference on Industrial Technology (ICIT)},
  pages={1483--1487},
  year={2013},
  organization={IEEE}
}

@article{NEWMAN1999341,
title = {Renormalization group analysis of the small-world network model},
journal = {Physics Letters A},
volume = {263},
number = {4},
pages = {341-346},
year = {1999},
issn = {0375-9601},
doi = {https://doi.org/10.1016/S0375-9601(99)00757-4},
url = {https://www.sciencedirect.com/science/article/pii/S0375960199007574},
author = {M.E.J. Newman and D.J. Watts},
}

@inproceedings{dorpinghaus2020optimization,
  title={Optimization of Retrieval Algorithms on Large Scale Knowledge Graphs},
  author={D{\"o}rpinghaus, Jens and Stefan, Andreas},
  booktitle={2020 15th Conference on Computer Science and Information Systems (FedCSIS)},
  pages={227--236},
  year={2020},
  organization={IEEE}
}

@book{schweizer1996muster,
  title={Muster sozialer Ordnung: Netzwerkanalyse als Fundament der Sozialethnologie},
  author={Schweizer, T.},
  year={1996},
  publisher={D. Reimer},
  address={Berlin}
}

@article{freeman1978centrality,
  title={Centrality in social networks conceptual clarification},
  author={Freeman, Linton C},
  journal={Social Networks},
  volume={1},
  number={3},
  pages={215--239},
  year={1978},
  publisher={Elsevier}
}

@book{carrington2005models,
  title={Models and methods in social network analysis},
  author={Carrington, Peter J and Scott, John and Wasserman, Stanley},
  series={Structural Analyses in the Social Sciences, 27},
  volume={\,},
  year={2005},
  address={Cambridge},
  publisher={University Press}
}

@book{diestel2012graphentheorie,
  title={Graphentheorie},
  volume={4. Auflage, korrigierter Nachdruck 2012},
  author={Diestel, R.},
  year={2012},
  publisher={Springer},
  address={Berlin}
}

@book{matouvsek2007diskrete,
  title={Diskrete Mathematik},
  author={Matou{\v{s}}ek, Ji{\v{r}}{\'\i} and Ne{\v{s}}et{\v{r}}il, Jaroslav and Mielke, Hans},
  year={2007},
  publisher={Springer},
  address={Berlin}
}

@article{dorpinghaus_soziale_2021,
	title = {Die soziale {Netzwerkanalyse}: {Neue} {Perspektiven} für die {Auslegung} biblischer {Texte}?},
	volume = {5},
	journal = {Biblisch erneuerte Theologie},
	author = {Dörpinghaus, Jens},
	year = {2021},
}

@article{suarez2021risks,
  title={Risks Identification and Management Related to Rural Innovation Projects through Social Networks Analysis: A Case Study in Spain},
  author={Su{\'a}rez, Diego and D{\'\i}az-Puente, Jos{\'e} M and Bettoni, Maddalena},
  journal={Land},
  volume={10},
  number={6},
  pages={613},
  year={2021},
  publisher={Multidisciplinary Digital Publishing Institute}
}

@inproceedings{berhan2019board,
  title={Board 14: Social Networks Analysis of African American Engineering Students at a PWI and an HBCU--A Comparative Study},
  author={Berhan, Lesley M and Adams, Aaron Lee and McKether, Willie Lewis and Kumar, Revathy},
  booktitle={2019 ASEE Annual Conference \& Exposition},
  year={2019}
}


@Article{roll21,
  author    = {Christian Rollinger},
  title     = {Prolegomena. Problems and Perspectives of Historical Network Research and Ancient History},
  pages     = {1--35},
  volume    = {4},
  journal   = {Journal of Historical Network Research},
  publisher = {Université du Luxembourg},
  year      = {2020},
}

@article{ponten2007small,
  title={Small-world networks and epilepsy: graph theoretical analysis of intracerebrally recorded mesial temporal lobe seizures},
  author={Ponten, SC and Bartolomei, Fabrice and Stam, CJ},
  journal={Clinical neurophysiology},
  volume={118},
  number={4},
  pages={918--927},
  year={2007},
  publisher={Elsevier}
}

@article{de2021graph,
  title={A Graph Theory approach to assess nature’s contribution to people at a global scale},
  author={de Juan, Silvia and Ospina-{\'A}lvarez, Andr{\'e}s and Villasante, Sebasti{\'a}n and Ruiz-Frau, Ana},
  journal={Scientific Reports},
  volume={11},
  number={1},
  pages={1--13},
  year={2021},
  publisher={Nature Publishing Group}
}

@article{gaeta2021method,
  title={A method based on Graph Theory and Three Way Decisions to evaluate critical regions in epidemic diffusion},
  author={Gaeta, Angelo and Loia, Vincenzo and Orciuoli, Francesco},
  journal={Applied Intelligence},
  volume={51},
  number={5},
  pages={2939--2955},
  year={2021},
  publisher={Springer}
}

@inproceedings{gabrilovich2016constructing,
  title={Constructing and mining web-scale knowledge graphs},
  author={Gabrilovich, Evgeniy and Usunier, Nicolas},
  booktitle={Proceedings of the 39th International ACM SIGIR conference on Research and Development in Information Retrieval},
  pages={1195--1197},
  year={2016}
}

@article{berners2001semantic,
	title={The semantic web},
	author={Berners-Lee, Tim and Hendler, James and Lassila, Ora},
	journal={Scientific american},
	volume={284},
	number={5},
	pages={34--43},
	year={2001},
	publisher={JSTOR}
}

@article{paulheim2017knowledge,
  title={Knowledge graph refinement: A survey of approaches and evaluation methods},
  author={Paulheim, Heiko},
  journal={Semantic web},
  volume={8},
  number={3},
  pages={489--508},
  year={2017},
  publisher={IOS Press}
}

@phdthesis{keshavarzi2021towards,
  title={Towards Meta-Data Discovery and Knowledge Discovery on Knowledge Graphs},
  author={Keshavarzi, Abbas},
  year={2021},
  school={University of Georgia}
}

@inproceedings{choudhary2021self,
  title={Self-Supervised Hyperboloid Representations from Logical Queries over Knowledge Graphs},
  author={Choudhary, Nurendra and Rao, Nikhil and Katariya, Sumeet and Subbian, Karthik and Reddy, Chandan K},
  booktitle={Proceedings of the Web Conference 2021},
  pages={1373--1384},
  year={2021}
}

@article{johnson1977efficient,
  title={Efficient algorithms for shortest paths in sparse networks},
  author={Johnson, Donald B},
  journal={Journal of the ACM (JACM)},
  volume={24},
  number={1},
  pages={1--13},
  year={1977},
  publisher={ACM}
}

@incollection{holyint,
  booktitle={Gospels for All Christians},
  editor={Bauckham, R.},
  title={{The Holy Internet: Communication Between Churches in the First Christian Generation}},
  author={Michael B. Thompson},
  pages={49-70},
  year={1998},
  publisher={Bloomsbury Academic},
  address={London}
}

@article{kloppenborg2020, 
title={Recruitment to Elective Cults: Network Structure and Ecology}, 
volume={66}, 
DOI={10.1017/S0028688519000511}, 
number={3}, 
journal={New Testament Studies}, 
publisher={University Press}, 
address={Cambridge},
author={Kloppenborg, John S.}, 
year={2020}, 
pages={323–350}
}

@Article{van2015religious,
  author    = {Van Nuffelen, Peter},
  title     = {{Religious Networks}},
  editor    = {Gesine Manuwald and Roger Rees},
  number    = {1},
  pages     = {224–226},
  volume    = {65},
  address   = {Cambridge},
  journal   = {The Classical Review},
  publisher = {University Press},
  year      = {2015},
}

}

@incollection{women,
  title={{Women, Charity and Mobility in Early Christianity: Weak Links and the Historical Transformation of Religions}},
  author={István Czachesz},
  booktitle={{Changing Minds. Religion and Cognition Trough the Ages}},
  editor={István Chzachesz and Tamás Biró},
  pages={129-154},
  year={2011},
  address={Leuven},
  publisher={Peeters}
}

@book{white1992semeia,
  title={Semeia 56: Social Networks in the Early Christian Environment},
  author={White, L.M.},
  year={1992},
  publisher={Society of Biblical Literature},
  address={Atlanta}
}


@incollection{geschi,
  booktitle={Handbuch Netzwerkforschung},

  author={Morten Reitmayer and Christian Marx},
    editor={Stegbauer, C. and H{\"a}u{\ss}ling, R.},
  title={{Netzwerkans{\"a}tze in der Geschichtswissenschaft}},
  year={2010},
  pages={869-880},
  address={Wiesbaden},
  publisher={VS Verlag f{\"u}r Sozialwissenschaften}
}

@book{van2020uebersetzungen,
  title={{\"U}bersetzungen von Erbauungsliteratur und die Rolle von Netzwerken am Ende des 17. Jahrhunderts},
  author={van de Kamp, J.},
  series={Beitr{\"a}ge zur historischen Theologie},
  year={2020},
  publisher={Mohr Siebeck},
  address={Tübingen}
}

@book{malkin2013greek,
  title={Greek and Roman Networks in the Mediterranean},
  author={Malkin, Irad and Constantakopoulou, Christy and Panagopoulou, Katerina},
  year={2013},
  publisher={Routledge}
}

@article{rutherford2007network,
  title={Network theory and theoric networks},
  author={Rutherford, Ian},
  journal={Mediterranean Historical Review},
  volume={22},
  number={1},
  pages={23--37},
  year={2007},
  address={New York},
  publisher={Taylor \& Francis}
}

@article{riordan2004diameter,
  title={The diameter of a scale-free random graph},
  author={Riordan, Oliver and others},
  journal={Combinatorica},
  volume={24},
  number={1},
  pages={5--34},
  year={2004},
  publisher={Springer}
}

@article{ma2020scale,
  title={Scale-free networks with invariable diameter and density feature: Counterexamples},
  author={Ma, Fei and Wang, Xiaomin and Wang, Ping},
  journal={Physical Review E},
  volume={101},
  number={2},
  pages={022315},
  year={2020},
  publisher={APS}
}

@article{milgram1967small,
  title={The small world problem},
  author={Milgram, Stanley},
  journal={Psychology today},
  volume={2},
  number={1},
  pages={60--67},
  year={1967},
  publisher={New York}
}

@article{kleinfeld2002small,
  title={The small world problem},
  author={Kleinfeld, Judith S},
  journal={Society},
  volume={39},
  number={2},
  pages={61--66},
  year={2002},
  publisher={Springer Nature BV}
}

@article{watts1998collective,
  title={Collective dynamics of ‘small-world’networks},
  author={Watts, Duncan J and Strogatz, Steven H},
  journal={nature},
  volume={393},
  number={6684},
  pages={440--442},
  year={1998},
  publisher={Nature Publishing Group}
}

@article{gu2013clustering,
  title={The clustering coefficient and the diameter of small-world networks},
  author={Gu, Lei and Huang, Hui Lin and Zhang, Xiao Dong},
  journal={Acta Mathematica Sinica, English Series},
  volume={29},
  number={1},
  pages={199--208},
  year={2013},
  publisher={Springer}
}

@inproceedings{martel2004analyzing,
  title={Analyzing Kleinberg's (and other) small-world models},
  author={Martel, Chip and Nguyen, Van},
  booktitle={Proceedings of the twenty-third annual ACM symposium on Principles of distributed computing},
  pages={179--188},
  year={2004}
}

@article{holme2019map,
  title={A map of approaches to temporal networks},
  author={Holme, Petter and Saram{\"a}ki, Jari},
  journal={Temporal network theory},
  pages={1--24},
  year={2019},
  publisher={Springer}
}

@article{lehmann2019fundamental,
  title={Fundamental structures in temporal communication networks},
  author={Lehmann, Sune},
  journal={Temporal Network Theory},
  pages={25--48},
  year={2019},
  publisher={Springer}
}

@article{peixoto2019modelling,
  title={Modelling temporal networks with Markov chains, community structures and change points},
  author={Peixoto, Tiago P and Rosvall, Martin},
  journal={Temporal network theory},
  pages={65--81},
  year={2019},
  publisher={Springer}
}

@incollection{Lemercier,
  title={Taking time seriously. How do we deal with change in historical networks?},
  author={Claire Lemercier},
  booktitle={Knoten und Kanten III. Soziale Netzwerkanalyse in Geschichts- und Politikforschung},
  editors={Gamper M. and Reschke L. and Düring M.},
  pages={183-211},
  year={2015},
  publisher={Transcript}
}

@article{barats2020fading,
  title={Fading Away... The challenge of sustainability in digital studies.},
  author={Barats, Christine and Schafer, Val{\'e}rie and Fickers, Andreas},
  journal={DHQ: Digital Humanities Quarterly},
  volume={14},
  number={3},
  year={2020}
}

@inproceedings{xu2013dynamic,
  title={Dynamic stochastic blockmodels: Statistical models for time-evolving networks},
  author={Xu, Kevin S and Hero, Alfred O},
  booktitle={Social Computing, Behavioral-Cultural Modeling and Prediction: 6th International Conference, SBP 2013, Washington, DC, USA, April 2-5, 2013. Proceedings 6},
  pages={201--210},
  year={2013},
  organization={Springer}
}

@article{scholtes2014causality,
  title={Causality-driven slow-down and speed-up of diffusion in non-Markovian temporal networks},
  author={Scholtes, Ingo and Wider, Nicolas and Pfitzner, Ren{\'e} and Garas, Antonios and Tessone, Claudio J and Schweitzer, Frank},
  journal={Nature communications},
  volume={5},
  number={1},
  pages={5024},
  year={2014},
  publisher={Nature Publishing Group UK London}
}

@article{latapy2019weighted,
  title={Weighted, bipartite, or directed stream graphs for the modeling of temporal networks},
  author={Latapy, Matthieu and Magnien, Cl{\'e}mence and Viard, Tiphaine},
  journal={Temporal Network Theory},
  pages={49--64},
  year={2019},
  publisher={Springer}
}

@article{latapy2018stream,
  title={Stream graphs and link streams for the modeling of interactions over time},
  author={Latapy, Matthieu and Viard, Tiphaine and Magnien, Cl{\'e}mence},
  journal={Social Network Analysis and Mining},
  volume={8},
  pages={1--29},
  year={2018},
  publisher={Springer}
}

@article{yi2010timematrix,
  title={TimeMatrix: Analyzing temporal social networks using interactive matrix-based visualizations},
  author={Yi, Ji Soo and Elmqvist, Niklas and Lee, Seungyoon},
  journal={Intl. Journal of Human--Computer Interaction},
  volume={26},
  number={11-12},
  pages={1031--1051},
  year={2010},
  publisher={Taylor \& Francis}
}

@article{pan2011path,
  title={Path lengths, correlations, and centrality in temporal networks},
  author={Pan, Raj Kumar and Saram{\"a}ki, Jari},
  journal={Physical Review E},
  volume={84},
  number={1},
  pages={016105},
  year={2011},
  publisher={APS}
}

@article{nicosia2013graph,
  title={Graph metrics for temporal networks},
  author={Nicosia, Vincenzo and Tang, John and Mascolo, Cecilia and Musolesi, Mirco and Russo, Giovanni and Latora, Vito},
  journal={Temporal networks},
  pages={15--40},
  year={2013},
  publisher={Springer}
}

@inproceedings{santoro2022onbra,
  title={ONBRA: Rigorous Estimation of the Temporal Betweenness Centrality in Temporal Networks},
  author={Santoro, Diego and Sarpe, Ilie},
  booktitle={Proceedings of the ACM Web Conference 2022},
  pages={1579--1588},
  year={2022}
}

@article{taylor2017eigenvector,
  title={Eigenvector-based centrality measures for temporal networks},
  author={Taylor, Dane and Myers, Sean A and Clauset, Aaron and Porter, Mason A and Mucha, Peter J},
  journal={Multiscale Modeling \& Simulation},
  volume={15},
  number={1},
  pages={537--574},
  year={2017},
  publisher={SIAM}
}

@article{sizemore2018dynamic,
  title={Dynamic graph metrics: Tutorial, toolbox, and tale},
  author={Sizemore, Ann E and Bassett, Danielle S},
  journal={NeuroImage},
  volume={180},
  pages={417--427},
  year={2018},
  publisher={Elsevier}
}

@article{yu2020identifying,
  title={Identifying critical nodes in temporal networks by network embedding},
  author={Yu, En-Yu and Fu, Yan and Chen, Xiao and Xie, Mei and Chen, Duan-Bing},
  journal={Scientific reports},
  volume={10},
  number={1},
  pages={12494},
  year={2020},
  publisher={Nature Publishing Group UK London}
}

@article{cinaglia2022network,
  title={Network alignment and motif discovery in dynamic networks},
  author={Cinaglia, Pietro and Cannataro, Mario},
  journal={Network Modeling Analysis in Health Informatics and Bioinformatics},
  volume={11},
  number={1},
  pages={38},
  year={2022},
  publisher={Springer}
}

@article{cencetti2021temporal,
  title={Temporal properties of higher-order interactions in social networks},
  author={Cencetti, Giulia and Battiston, Federico and Lepri, Bruno and Karsai, M{\'a}rton},
  journal={Scientific reports},
  volume={11},
  number={1},
  pages={7028},
  year={2021},
  publisher={Nature Publishing Group UK London}
}

@inproceedings{franzke2018pattern,
  title={Pattern search in temporal social networks},
  author={Franzke, Maximilian and Emrich, Tobias and Z{\"u}fle, Andreas and Renz, Matthias},
  booktitle={Proceedings of the 21st International Conference on Extending Database Technology},
  year={2018}
}

@article{hanneke2010discrete,
  title={Discrete temporal models of social networks},
  author={Hanneke, Steve and Fu, Wenjie and Xing, Eric P},
  journal={Electronic Journal of Statistics},
  volume={4},
  pages={585--605},
  year={2010}
}

@article{dorpinghaus2022social,
  title={From social networks to knowledge graphs: A plea for interdisciplinary approaches},
  author={D{\"o}rpinghaus, Jens and Klante, Sonja and Christian, Martin and Meigen, Christof and D{\"u}ing, Carsten},
  journal={Social Sciences \& Humanities Open},
  volume={6},
  number={1},
  pages={100337},
  year={2022},
  publisher={Elsevier}
}


@book{kloppenborg2019christ,
  title={Christ’s Associations},
  author={Kloppenborg, John S},
  year={2020},
  publisher={Yale University Press}
}

@article{de2021can,
  title={Can historians trust centrality?},
  author={de Valeriola, S{\'e}bastien},
  journal={Journal of Historical Network Research},
  volume={6},
  number={1},
  year={2021}
}

@article{leidwanger2014manifesto,
  title={A Manifesto for the Study of Ancient Mediterranean Maritime Networks},
  author={Leidwanger, Justin and Knappett, Carl and Arnaud, Pascal and Arthur, Paul and Blake, Emma and Broodbank, Cyprian and Brughmans, Tom and Evans, Tim and Graham, Shawn and Greene, Elizabeth S and others},
  journal={Antiquity},
  volume={88},
  number={342},
  year={2014}
}

@article{malina1979sociology,
  title={{Sociology of Early Palestinian Christianity}},
  author={Malina, Bruce J},
  year={1979},
  journal={The Catholic Biblical Quarterly},
  volume={41},
  number={1},
  publisher={JSTOR}
}

@article{duling2000jesus,
	author = {Dennis C. Duling},
	title = {{The Jesus Movement and Social Network Analysis (Part I: The Spatial Network)}},
	journal = {Biblical Theology Bulletin},
	volume = {29},
	number = {4},
	pages = {156-175},
	year = {1999},
	publisher={Sage Publications}
}

@article{duling2000jesus2,
  title={{The Jesus Movement and Social Network Analysis (Part II. The Social Network)}},
  author={Duling, Dennis C},
  journal={Biblical Theology Bulletin: A Journal of Bible and Theology},
  volume={30},
  number={1},
  pages={3--14},
  year={2000},
  publisher={Sage Publications}
}

@article{woolf2016only,
  title={{Only Connect? Network Analysis and Religious Change in the Roman World}},
  author={Woolf, Greg},
  journal={H{\'e}lade. Revista de Hist{\'o}ria Antiga},
  volume={2},
  number={2},
  pages={43--58},
  year={2016},
  publisher={Helade}
}

@article{ganter2015christian,
  title={{Rezension: C. Rollinger: Amicitia sanctissima colenda. Freundschaft und soziale Netzwerke in der sp{\"a}ten Republik. (Studien zur Alten Geschichte, Bd. 19)}},
  author={Ganter, Angela},
  journal={Historische Zeitschrift},
  volume={301},
  number={1},
  pages={182--184},
  year={2015}
}

@article{vasquez,
   author = "Vásquez, Manuel",
   title = "Studying Religion in Motion: A Networks Approach",
   journal = "Method \& Theory in the Study of Religion",
   year = "2008",
   volume = "20",
   number = "2",
   pages = "151-184",
}

@article{paul_ties,
author = {Dennis C. Duling},
title = {Paul's Aegean Network: The Strength of Strong Ties},
journal = {Biblical Theology Bulletin},
volume = {43},
number = {3},
pages = {135-154},
publisher={Sage Publications},
year = {2013}
}

@article{granovetter1973strength,
  title={The strength of weak ties},
  author={Granovetter, Mark S},
  journal={American journal of sociology},
  volume={78},
  number={6},
  pages={1360--1380},
  year={1973},
  publisher={University of Chicago Press}
}

@book{master,
  title={Soziale Netzwerke im frühen Christentum nach der Darstellung in Apg 1-12},
  author={Dörpinghaus, Jens},
  year={2020},
  note={Available at \url{http://uir.unisa.ac.za/handle/10500/26609}.}
}

@article{ehrlinger2016towards,
  title={Towards a Definition of Knowledge Graphs.},
  author={Ehrlinger, Lisa and W{\"o}{\ss}, Wolfram},
  journal={SEMANTiCS (Posters, Demos, SuCCESS)},
  volume={\,},
  number={48},
  year={2016}
}


@Inbook{Fensel2020,
author="Fensel, Dieter
and {\c{S}}im{\c{s}}ek, Umutcan
and Angele, Kevin
and Huaman, Elwin
and K{\"a}rle, Elias
and Panasiuk, Oleksandra
and Toma, Ioan
and Umbrich, J{\"u}rgen
and Wahler, Alexander",
title="Introduction: What Is a Knowledge Graph?",
bookTitle="Knowledge Graphs: Methodology, Tools and Selected Use Cases",
year="2020",
publisher="Springer International Publishing",
address="Cham",
pages="1--10",
abstract="Since its inception by Google, Knowledge Graph has become a term that is recently ubiquitously used yet does not have a well-established definition. This section attempts to derive a definition for Knowledge Graphs by compiling existing definitions made in the literature and considering the distinctive characteristics of previous efforts for tackling the data integrationData integration challenge we are facing today. Our attempt to make a conceptual definition is complemented with an empirical survey of existing Knowledge Graphs. This section lays the foundation for the remainder of the book, as it provides a common understanding on certain concepts and motivation to build Knowledge Graphs in the first place.",
isbn="978-3-030-37439-6",
doi="10.1007/978-3-030-37439-6_1",
url="https://doi.org/10.1007/978-3-030-37439-6_1"
}

@inproceedings{fink2011maximum,
  title={Maximum betweenness centrality: approximability and tractable cases},
  author={Fink, Martin and Spoerhase, Joachim},
  booktitle={International Workshop on Algorithms and Computation},
  pages={9--20},
  year={2011},
  organization={Springer}
}


@inproceedings{chen2016efficient,
  title={Efficient maximum closeness centrality group identification},
  author={Chen, Chen and Wang, Wei and Wang, Xiaoyang},
  booktitle={Australasian Database Conference},
  pages={43--55},
  year={2016},
  organization={Springer}
}


@inproceedings{grando2016analysis,
  title={An analysis of centrality measures for complex and social networks},
  author={Grando, Felipe and Noble, Diego and Lamb, Luis C},
  booktitle={2016 IEEE Global Communications Conference (GLOBECOM)},
  pages={1--6},
  year={2016},
  organization={IEEE}
}


@article{bonifati2019graph,
  title={Graph queries: From theory to practice},
  author={Bonifati, Angela and Dumbrava, Stefania},
  journal={ACM SIGMOD Record},
  volume={47},
  number={4},
  pages={5--16},
  year={2019},
  publisher={ACM New York, NY, USA}
}


@Online{huba,
    title={Towards context in large scale biomedical knowledge graphs},
    author={Jens Dörpinghaus and Andreas Stefan and Bruce Schultz and Marc Jacobs},
    year={2020},
    eprint={2001.08392},
    archivePrefix={arXiv},
    primaryClass={cs.DB},
url={http://arxiv.org/abs/2001.08392}
}

@inproceedings{thakkar2017towards,
  title={Towards an integrated graph algebra for graph pattern matching with gremlin},
  author={Thakkar, Harsh and Punjani, Dharmen and Auer, S{\"o}ren and Vidal, Maria-Esther},
  booktitle={International Conference on Database and Expert Systems Applications},
  pages={81--91},
  year={2017},
  organization={Springer}
}

@inproceedings{angles2019rdf,
  title={RDF and property graphs interoperability: Status and issues},
  author={Angles, Renzo and Thakkar, Harsh and Tomaszuk, Dominik},
  booktitle={Proceedings of the 13th Alberto Mendelzon International Workshop on Foundations of Data Management, Asunci{\'o}n, Paraguay},
  year={2019}
}


@inproceedings{holsch2016algebra,
  title={An algebra and equivalences to transform graph patterns in Neo4j},
  author={H{\"o}lsch, J{\"u}rgen and Grossniklaus, Michael},
  booktitle={EDBT/ICDT 2016 Workshops: EDBT Workshop on Querying Graph Structured Data (GraphQ)},
  year={2016}
}

@book{aziz2010algorithms,
  title={Algorithms for Interviews: A Problem Solving Approach},
  author={Aziz, A. and Prakash, A.},
  year={2010},
  publisher={algorithmsforinterviews.com}
}

@inproceedings{dorpinghaus2019knowledge,
  title={Knowledge Extraction and Applications utilizing Context Data in Knowledge Graphs},
  author={D{\"o}rpinghaus, Jens and Stefan, Andreas},
  booktitle={2019 Federated Conference on Computer Science and Information Systems (FedCSIS)},
  pages={265--272},
  year={2019},
  organization={IEEE}
}

@book{Needham2019,
author = {Needham, Mark and Hodler, Amy E},
file = {:Users/Andi/Documents/MI4/thesisfiles/recherche/B{\"{u}}cher/Graph{\_}Algorithms{\_}Neo4j.pdf:pdf},
isbn = {9781492047681},
publisher = {O'Reilly Media, Inc.},
title = {{Graph Algorithms}},
year = {2019}
}

@inproceedings{10.1007/978-3-319-24369-6_5,
abstract = {Real world data offers a lot of possibilities to be represented as graphs. As a result we obtain undirected or directed graphs, multigraphs and hypergraphs, labelled or weighted graphs and their variants. A development of graph modelling brings also new approaches, e.g., considering constraints. Processing graphs in a database way can be done in many different ways. Some graphs can be represented as JSON or XML structures and processed by their native database tools. More generally, a graph database is specified as any storage system that provides index-free adjacency, i.e. an explicit graph structure. Graph database technology contains some technological features inherent to traditional databases, e.g. ACID properties and availability. Use cases of graph databases like Neo4j, OrientDB, InfiniteGraph, FlockDB, AllegroGraph, and others, document that graph databases are becoming a common means for any connected data. In Big Data era, important questions are connected with scalability for large graphs as well as scaling for read/write operations. For example, scaling graph data by distributing it in a network is much more difficult than scaling simpler data models and is still a work in progress. Still a challenge is pattern matching in graphs providing, in principle, an arbitrarily complex identity function. Mining complete frequent patterns from graph databases is also challenging since supporting operations are computationally costly. In this paper, we discuss recent advances and limitations in these areas as well as future directions.},
address = {Cham},
author = {Pokorny, Jaroslav},
booktitle = {Computer Information Systems and Industrial Management},
editor = {Saeed, Khalid and Homenda, Wladyslaw},
isbn = {978-3-319-24369-6},
pages = {58--69},
publisher = {Springer International Publishing},
title = {{Graph Databases: Their Power and Limitations}},
year = {2015}
}

@inproceedings{6313676,
author = {Angles, R},
booktitle = {2012 IEEE 28th International Conference on Data Engineering Workshops},
doi = {10.1109/ICDEW.2012.31},
keywords = {data structures;database management systems;graph},
month = {apr},
pages = {171--177},
title = {{A Comparison of Current Graph Database Models}},
year = {2012}
}

@article{Wood:2012:QLG:2206869.2206879,
address = {New York, NY, USA},
author = {Wood, Peter T},
doi = {10.1145/2206869.2206879},
issn = {0163-5808},
journal = {SIGMOD Rec.},
month = {apr},
number = {1},
pages = {50--60},
publisher = {ACM},
title = {{Query Languages for Graph Databases}},
url = {http://doi.acm.org/10.1145/2206869.2206879},
volume = {41},
year = {2012}
}

@article{Pokorny2018,
abstract = {The paper is focused on a functional querying in graph databases. We consider labelled property graph model and mention also the graph model behind XML databases. An attention is devoted to functional modelling of graph databases both at a conceptual and data level. The notions of graph conceptual schema and graph database schema are considered. The notion of a typed attribute is used as a basic structure both on the conceptual and database level. As a formal approach to declarative graph database querying a version of typed lambda calculus is used. This approach allows to use a logic necessary for querying, arithmetic as well as aggregation function. Another advantage is the ability to deal with relations and graphs in one integrated environment.},
author = {Pokorn{\'{y}}, Jaroslav},
doi = {10.1007/s40595-017-0104-6},
issn = {2196-8896},
journal = {Vietnam Journal of Computer Science},
number = {2},
pages = {95--105},
title = {{Functional querying in graph databases}},
url = {https://doi.org/10.1007/s40595-017-0104-6},
volume = {5},
year = {2018}
}

@article{Angles:2017:FMQ:3145473.3104031,
address = {New York, NY, USA},
author = {Angles, Renzo and Arenas, Marcelo and Barcel{\'{o}}, Pablo and Hogan, Aidan and Reutter, Juan and Vrgo{\v{c}}, Domagoj},
doi = {10.1145/3104031},
issn = {0360-0300},
journal = {ACM Comput. Surv.},
keywords = {Property graphs,aggregation,graph databases,graph patterns,navigation,query languages},
month = {sep},
number = {5},
pages = {68:1----68:40},
publisher = {ACM},
title = {{Foundations of Modern Query Languages for Graph Databases}},
url = {http://doi.acm.org/10.1145/3104031},
volume = {50},
year = {2017}
}


@article{article,
author = {{Barcel{\'{o}} Baeza}, Pablo},
doi = {10.1145/2463664.2465216},
isbn = {978-1-4503-2066-5},
journal = {Proceedings of the ACM SIGACT-SIGMOD-SIGART Symposium on Principles of Database Systems},
title = {{Querying graph databases}},
year = {2013}
}


@article{zhao2010graph,
  title={On graph query optimization in large networks},
  author={Zhao, Peixiang and Han, Jiawei},
  journal={Proceedings of the VLDB Endowment},
  volume={3},
  number={1-2},
  pages={340--351},
  year={2010},
  publisher={VLDB Endowment}
}

@article{eymertoward,
  title={Toward Lazy Evaluation in a Graph Database},
  author={Eymer, Jeffrey and Dexter, Philip and Liu, Yu David},
  journal={SPLASH 2019}
}

@article{cheung2016sloth,
  title={Sloth: Being lazy is a virtue (when issuing database queries)},
  author={Cheung, Alvin and Madden, Samuel and Solar-Lezama, Armando},
  journal={ACM Transactions on Database Systems (ToDS)},
  volume={41},
  number={2},
  pages={8},
  year={2016},
  publisher={ACM}
}

@inproceedings{wu2018research,
  title={Research on Optimizing Strategy of Database-oriented GIS Graph database Query},
  author={Wu, Xinxin and Deng, Song},
  booktitle={2018 5th IEEE International Conference on Cloud Computing and Intelligence Systems (CCIS)},
  pages={305--309},
  year={2018},
  organization={IEEE}
}

@article{desai2018issues,
  title={Issues and challenges in big graph modelling for Smart City: An extensive survey},
  author={Desai, Mitali and G Mehta, Rupa and P Rana, Dipti},
  journal={International Journal of Computational Intelligence \& IoT},
  volume={1},
  number={1},
  year={2018}
}

@inproceedings{yun2019tkg,
  title={TKG: Efficient Mining of Top-K Frequent Subgraphs},
  author={Fournier-Viger, Philippe and Cheng, Chao and Lin Jerry chuan-Wei and Yun, Unil and Kiran, R Uday},
  booktitle={Big Data Analytics: 7th International Conference, BDA 2019, Ahmedabad, India, December 17--20, 2019, Proceedings},
  volume={11932},
  pages={209},
  year={2019},
  organization={Springer Nature}
}

@article{cabrera2017scalable,
  title={Scalable parallel graph algorithms with matrix--vector multiplication evaluated with queries},
  author={Cabrera, Wellington and Ordonez, Carlos},
  journal={Distributed and Parallel Databases},
  volume={35},
  number={3-4},
  pages={335--362},
  year={2017},
  publisher={Springer}
}

@article{mathew2018efficient,
  title={Efficient Query Retrieval from Social Data in Neo4j using LIndex.},
  author={Mathew, Anita Brigit},
  journal={KSII Transactions on Internet \& Information Systems},
  volume={12},
  number={5},
  year={2018}
}

@inproceedings{mennicke2019modal,
  title={Modal Schema Graphs for Graph Databases},
  author={Mennicke, Stephan},
  booktitle={International Conference on Conceptual Modeling},
  pages={498--512},
  year={2019},
  organization={Springer}
}


@inproceedings{huang2013research,
  title={Research on architecture and query performance based on distributed graph database neo4j},
  author={Huang, Hongcheng and Dong, Ziyu},
  booktitle={2013 3rd International Conference on Consumer Electronics, Communications and Networks},
  pages={533--536},
  year={2013},
  organization={IEEE}
}


@article{kim2019correction,
  title={Correction to: Evaluating author name disambiguation for digital libraries: a case of DBLP},
  author={Kim, Jinseok},
  journal={Scientometrics},
  volume={118},
  number={1},
  pages={383--383},
  year={2019},
  publisher={Springer}
}

@article{franzoni2019topological,
  title={Topological and Semantic Graph-based Author Disambiguation on DBLP Data in Neo4j},
  author={Franzoni, Valentina and Lepri, Michele and Milani, Alfredo},
  journal={arXiv preprint arXiv:1901.08977},
  year={2019}
}



@incollection{prajapati2019context,
  title={Context Dependency Relation Extraction Using Modified Evolutionary Algorithm Based on Web Mining},
  author={Prajapati, Parinda and Sivakumar, Premkumar},
  booktitle={Emerging Technologies in Data Mining and Information Security},
  pages={259--267},
  year={2019},
  publisher={Springer}
}


@article{cai2019content,
  title={Content-aware attributed entity embedding for synonymous named entity discovery},
  author={Cai, Desheng and Wu, Gongqing},
  journal={Neurocomputing},
  volume={329},
  pages={237--247},
  year={2019},
  publisher={Elsevier}
}


@article{nadeau2007survey,
  title={A survey of named entity recognition and classification},
  author={Nadeau, David and Sekine, Satoshi},
  journal={Lingvisticae Investigationes},
  volume={30},
  number={1},
  pages={3--26},
  year={2007},
  publisher={John Benjamins}
}


@article{osswald2015continuing,
  title={Continuing Professional Education in Open Access. A French-German Survey},
  author={O{\ss}wald, Achim and Sch{\"o}pfel, Joachim and Jacquemin, Bernard},
  journal={LIBER Quarterly. The journal of the Association of European Research Libraries},
  volume={26},
  number={2},
  pages={43--66},
  year={2015}
}

@article{MALHOTRA2014238,
title = "ADO: A disease ontology representing the domain knowledge specific to Alzheimer's disease",
journal = "Alzheimer's \& Dementia",
volume = "10",
number = "2",
pages = "238 - 246",
year = "2014",
author = "Ashutosh Malhotra and Erfan Younesi and Michaela Gündel and Bernd Müller and Michael T. Heneka and Martin Hofmann-Apitius"
}

@article{volanakis2018sciride,
  title={SciRide Finder: a citation-based paradigm in biomedical literature search},
  author={Volanakis, Adam and Krawczyk, Konrad},
  journal={Scientific reports},
  volume={8},
  number={1},
  pages={6193},
  year={2018},
  publisher={Nature Publishing Group}
}

@inproceedings{VrandecicDL2018,
title = {Toward an Abstract Wikipedia},
booktitle = {31st International Workshop on Description Logics (DL)},
year = 2018,
editor = {Magdalena Ortiz and Thomas Schneider},
number = 2211,
series = {CEUR Workshop Proceedings},
address = {Aachen},
author = {Denny Vrande{\v{c}}i{\'c}},
url = {http://ceur-ws.org/Vol-2211/#paper-03}
}

@article{GO,
  title={Gene Ontology: tool for the unification of biology},
  author={Ashburner, Michael and Ball, Catherine A and Blake, Judith A and Botstein, David and Butler, Heather and Cherry, J Michael and Davis, Allan P and Dolinski, Kara and Dwight, Selina S and Eppig, Janan T and others},
  journal={Nature genetics},
  volume={25},
  number={1},
  pages={25},
  year={2000},
  publisher={Nature Publishing Group}
}

@incollection{aggarwal2012introduction,
  title={An introduction to text mining},
  author={Aggarwal, Charu C and Zhai, ChengXiang},
  booktitle={Mining text data},
  pages={1--10},
  year={2012},
  publisher={Springer}
}


@InProceedings{dorpinghaus2018question,
  author       = {D{\"o}rpinghaus, Jens and Darms, Johannes and Jacobs, Marc},
  booktitle    = {2018 Federated Conference on Computer Science and Information Systems (FedCSIS)},
  title        = {What was the Question? A Systematization of Information Retrieval and NLP Problems.},
  organization = {IEEE},
  year         = {2018},
}

@article{wishart2017drugbank,
  title={DrugBank 5.0: a major update to the DrugBank database for 2018},
  author={Wishart, David S and Feunang, Yannick D and Guo, An C and Lo, Elvis J and Marcu, Ana and Grant, Jason R and Sajed, Tanvir and Johnson, Daniel and Li, Carin and Sayeeda, Zinat and others},
  journal={Nucleic acids research},
  volume={46},
  number={D1},
  pages={D1074--D1082},
  year={2017},
  publisher={Oxford University Press}
}


@article{khan2019consensus,
  title={Consensus QSAR modeling of toxicity of pharmaceuticals to different aquatic organisms: Ranking and prioritization of the DrugBank database compounds},
  author={Khan, Kabiruddin and Benfenati, Emilio and Roy, Kunal},
  journal={Ecotoxicology and environmental safety},
  volume={168},
  pages={287--297},
  year={2019},
  publisher={Elsevier}
}


@book{ullenboom2005java,
  title={Java ist auch eine Insel},
  author={Ullenboom, C.},
  series={Galileo computing},
  year={2005},
  publisher={Galileo Press}
}

@inproceedings{amdahl1967validity,
  title={Validity of the single processor approach to achieving large scale computing capabilities},
  author={Amdahl, Gene M},
  booktitle={Proceedings of the April 18-20, 1967, spring joint computer conference},
  pages={483--485},
  year={1967},
  organization={ACM}
}

@article{zeleny1987management,
  title={Management support systems: Towards integrated knowledge management},
  author={Zeleny, Milan},
  journal={Human systems management},
  volume={7},
  number={1},
  pages={59--70},
  year={1987},
  publisher={IOS Press}
}

@article{ackoff1989data,
  title={From data to wisdom},
  author={Ackoff, Russell L},
  journal={Journal of applied systems analysis},
  volume={16},
  number={1},
  pages={3--9},
  year={1989}
}

@article{hey2004data,
  title={The data, information, knowledge, wisdom chain: the metaphorical link},
  author={Hey, Jonathan},
  journal={Intergovernmental Oceanographic Commission},
  volume={26},
  pages={1--18},
  year={2004}
}

@article{doi:10.1177/0165551506070706,
author = {Jennifer Rowley},
title ={The wisdom hierarchy: representations of the DIKW hierarchy},
journal = {Journal of Information Science},
volume = {33},
number = {2},
pages = {163-180},
year = {2007}
}





@book{deserno2011biomedical,
  title={Biomedical Image Processing},
  author={Deserno, T.M.},
  series={Biological and Medical Physics, Biomedical Engineering},
  year={2011},
  publisher={Springer Berlin Heidelberg}
}

@book{ignatow2016text,
  title={Text Mining: A Guidebook for the Social Sciences},
  author={Ignatow, G. and Mihalcea, R.},
  year={2016},
  publisher={SAGE Publications}
}

@article{yang2005ronn,
  title={RONN: the bio-basis function neural network technique applied to the detection of natively disordered regions in proteins},
  author={Yang, Zheng Rong and Thomson, Rebecca and McNeil, Philip and Esnouf, Robert M},
  journal={Bioinformatics},
  volume={21},
  number={16},
  pages={3369--3376},
  year={2005},
  publisher={Oxford University Press}
}

@article{gerstein2007gene,
  title={What is a gene, post-ENCODE? History and updated definition},
  author={Gerstein, Mark B and Bruce, Can and Rozowsky, Joel S and Zheng, Deyou and Du, Jiang and Korbel, Jan O and Emanuelsson, Olof and Zhang, Zhengdong D and Weissman, Sherman and Snyder, Michael},
  journal={Genome research},
  volume={17},
  number={6},
  pages={669--681},
  year={2007},
  publisher={Cold Spring Harbor Lab}
}



@book{berry2010text,
  title={Text Mining: Applications and Theory},
  author={Berry, M.W. and Kogan, J.},
  series={Wiley InterScience},
  year={2010},
  publisher={Wiley}
}

@book{miner2012practical,
  title={Practical Text Mining and Statistical Analysis for Non-structured Text Data Applications},
  author={Miner, G.},
  year={2012},
  publisher={Academic Press}
}

@book{sierra2005head,
  title={Head First Java: A Brain-Friendly Guide},
  author={Sierra, Kathy and Bates, Bert},
  year={2005},
  publisher={" O'Reilly Media, Inc."}
}

@article{manakos2000comparison,
  title={A comparison between the ISODATA and the eCognition classification methods on basis of field data},
  author={Manakos, I and Schneider, T and Ammer, U},
  journal={IAPRS},
  volume={33},
  pages={133--139},
  year={2000}
}


@book{jaehne2013digital,
  title={Digital Image Processing: Concepts, Algorithms, and Scientific Applications},
  author={J{\"a}hne, B.},
  year={2013},
  publisher={Springer Berlin Heidelberg}
}

@book{rittscher2008microscopic,
  title={Microscopic Image Analysis for Life Science Applications},
  author={Rittscher, J. and Machiraju, R. and Wong, S.T.C.},
  series={Artech House bioinformatics \& biomedical imaging series},
  year={2008},
  publisher={Artech House}
}


@book{banaszak2000foundations,
  title={Foundations of Structural Biology},
  author={Banaszak, L.J.},
  year={2000},
  publisher={Elsevier Science}
}

@article{lathrop1994protein,
  title={The protein threading problem with sequence amino acid interaction preferences is NP-complete},
  author={Lathrop, Richard H},
  journal={Protein Engineering, Design and Selection},
  volume={7},
  number={9},
  pages={1059--1068},
  year={1994},
  publisher={Oxford University Press}
}


@book{rule2006fundamentals,
  title={Fundamentals of Protein NMR Spectroscopy},
  author={Rule, G.S. and Hitchens, T.K.},
  series={Focus on Structural Biology},
  year={2006},
  publisher={Springer Netherlands}
}

@book{pazos2014practical,
  title={Practical Protein Bioinformatics},
  author={Pazos, F. and Chagoyen, M.},
  series={SpringerLink : B{\"u}cher},
  year={2014},
  publisher={Springer International Publishing}
}


@book{roberts2011protein,
  title={Protein NMR Spectroscopy: Practical Techniques and Applications},
  author={Roberts, G. and Lian, L.Y.},
  year={2011},
  publisher={Wiley}
}


@article{colinge2007introduction,
  title={Introduction to computational proteomics},
  author={Colinge, Jacques and Bennett, Keiryn L},
  journal={PLoS computational biology},
  volume={3},
  number={7},
  pages={e114},
  year={2007},
  publisher={Public Library of Science}
}


@book{gross2011mass,
  title={Mass Spectrometry: A Textbook},
  author={Gross, J.H. and Roepstorff, P.},
  year={2011},
  publisher={Springer Berlin Heidelberg}
}

@book{de2013mass,
  title={Mass Spectrometry: Principles and Applications},
  author={de Hoffmann, E. and Stroobant, V.},
  year={2013},
  publisher={Wiley}
}

@article{belief,
  title={The BEL information extraction workflow (BELIEF): evaluation in the BioCreative V BEL and IAT track},
  author={Madan, Sumit and Hodapp, Sven and Senger, Philipp and Ansari, Sam and Szostak, Justyna and Hoeng, Julia and Peitsch, Manuel and Fluck, Juliane},
  journal={Database},
  volume={2016},
  year={2016},
  publisher={Oxford University Press}
}

@article{belief2,
  title={Overview of BEL Track: Extraction of Complex Relationships and their Conversion to BEL},
  author={Madan, Sumit and Szostak, Justyna and D{\"o}rpinghaus, Jens and Hoeng, Julia and Fluck, Juliane},
  journal={Proceedings of the BioCreative VI Workshop},
  year={2017}
}

@article{belscai,
  title={Representing Text Mining Results for Structured Pharmacological Queries},
  author={Haupt, Carina and Groth, Paul and Zimmermann, Marc},
  journal={ISWC},
  year={2011}
}

@article{rogers1963medical,
  title={Medical subject headings},
  author={Rogers, Frank B},
  journal={Bulletin of the Medical Library Association},
  volume={51},
  pages={114--116},
  year={1963}
}


@article{yang2018research,
  title={Research Trend Visualization by MeSH Terms from PubMed},
  author={Yang, Heyoung and Lee, Hyuck},
  journal={International journal of environmental research and public health},
  volume={15},
  number={6},
  pages={1113},
  year={2018},
  publisher={Multidisciplinary Digital Publishing Institute}
}


@inproceedings{scaiview,
  title={SCAIView -- A Semantic Search Engine for Biomedical Research Utilizing a Microservice Architecture},
  author={Jens Dörpinghaus and Jürgen Klein and Johannes Darms and Sumit Madan and Marc Jacobs},
  booktitle={Proceedings of the Posters and Demos Track of the 14th International Conference on Semantic Systems - SEMANTiCS2018},
  year={2018}
}

@inproceedings{cray,
  title={Loading and Querying a Trillion RDF triples with Cray Graph Engine on the Cray XC},
  author={Christopher D. Rickett and Utz-Uwe Haus and James Maltby and Kristyn J. Maschhoff},
  booktitle={Cray User Group},
  year={2018}
}

@inproceedings{fluck,
  title={BEL networks derived from qualitative translations of BioNLP Shared Task annotations},
  author={Fluck, Juliane and Klenner, Alexander and Madan, Sumit and Ansari, Sam and Bobic, Tamara and Hoeng, Julia and Hofmann-Apitius, Martin and Peitsch, Manuel},
  booktitle={Proceedings of the 2013 Workshop on Biomedical Natural Language Processing},
  pages={80--88},
  year={2013}
}

@book{liljas2009textbook,
  title={Textbook of Structural Biology},
  author={Liljas, A.},
  year={2009},
  publisher={World Scientific}
}

@book{niemeyer2013learning,
  title={Learning Java: A Bestselling Hands-On Java Tutorial},
  author={Niemeyer, P. and Leuck, D.},
  year={2013},
  publisher={O'Reilly Media}
}

@book{alvaro2016java,
  title={Java: Easy Java Programming for Beginners, Step-By-Step Guide to Learning Java},
  author={Alvaro, F.},
  series={Java Series},
  year={2016},
  publisher={CreateSpace Independent Publishing Platform}
}

@book{prell2012social,
  title={Social Network Analysis: History, Theory and Methodology},
  author={Prell, C.},
  year={2012},
  publisher={SAGE Publications}
}

@book{scott2017social,
  title={Social Network Analysis},
  author={Scott, J.},
  year={2017},
  publisher={SAGE Publications}
}

@book{scott2011sage,
  title={The SAGE Handbook of Social Network Analysis},
  author={Scott, J. and Carrington, P.J.},
  year={2011},
  publisher={SAGE Publications}
}

@article{kirsch1960finding,
  title={Finding Chemical Records by Digital Computers},
  author={Kirsch, Russell A and Ray, L},
  journal={Science},
  volume={126},
  number={3278},
  year={1960}
}

@book{collar,
  title={Religious Networks in the Roman Empire},
  author={Collar, A.},
  year={2013},
  publisher={Cambridge University Press}
}


@article{rollinger2014amicitia,
  title={Amicitia sanctissime colenda},
  author={Rollinger, Christian},
  journal={Freundschaft und soziale Netzwerke in der Sp{\"a}ten Republik},
  publisher={Verlag Antike},
  address={Heidelberg},
  year={2014}
}

@book{stegbauer,
  title={Handbuch Netzwerkforschung},
  author={Stegbauer, C. and H{\"a}u{\ss}ling, R.},
  year={2010},
  publisher={VS Verlag f{\"u}r Sozialwissenschaften}
}

@article{PhysRevE.71.036113,
  title = {Efficient generation of large random networks},
  author = {Batagelj, Vladimir and Brandes, Ulrik},
  journal = {Phys. Rev. E},
  volume = {71},
  issue = {3},
  pages = {036113},
  numpages = {5},
  year = {2005},
  month = {Mar},
  publisher = {American Physical Society}
}

@article{gilbert1959random,
  title={Random graphs},
  author={Gilbert, Edgar N},
  journal={The Annals of Mathematical Statistics},
  volume={30},
  number={4},
  pages={1141--1144},
  year={1959}
}


@article{erdos1959random,
  title={On random graphs, I},
  author={Erd{\"o}s, Paul and R{\'e}nyi, Alfr{\'e}d},
  journal={Publicationes Mathematicae (Debrecen)},
  volume={6},
  pages={290--297},
  year={1959}
}


@book{bultinck2003computational,
  title={Computational Medicinal Chemistry for Drug Discovery},
  author={Bultinck, P. and De Winter, H. and Langenaeker, W. and Tollenare, J.P.},
  year={2003},
  publisher={Taylor \& Francis}
}

@article{CAZALS2008564,
title = "A note on the problem of reporting maximal cliques",
journal = "Theoretical Computer Science",
volume = "407",
number = "1",
pages = "564 - 568",
year = "2008",
doi = "http://dx.doi.org/10.1016/j.tcs.2008.05.010",
url = "http://www.sciencedirect.com/science/article/pii/S0304397508003903",
author = "F. Cazals and C. Karande",
}

@article{doi:10.1093/nar/gkh411,
author = {Kelley, Brian P. and Yuan, Bingbing and Lewitter, Fran and Sharan, Roded and Stockwell, Brent R. and Ideker, Trey},
title = {PathBLAST: a tool for alignment of protein interaction networks},
journal = {Nucleic Acids Research},
volume = {32},
number = {suppl2},
pages = {W83},
year = {2004},
doi = {10.1093/nar/gkh411},
}

@article{sole2001complexity,
  title={Complexity and fragility in ecological networks},
  author={Sole, Ricard V and Montoya, M{\textordfeminine}},
  journal={Proceedings of the Royal Society of London B: Biological Sciences},
  volume={268},
  number={1480},
  pages={2039--2045},
  year={2001},
  publisher={The Royal Society}
}

@book{ortuno2015bioinformatics,
  title={Bioinformatics and Biomedical Engineering: Third International Conference, IWBBIO 2015, Granada, Spain, April 15-17, 2015. Proceedings},
  author={Ortu{\~n}o, F. and Rojas, I.},
  number={Teil 1},
  year={2015},
  publisher={Springer International Publishing}
}


@book{bal2007java,
  title={Java for Bioinformatics and Biomedical Applications},
  author={Bal, H. and Hujol, J.},
  series={Expert's voice in Java},
  year={2007},
  publisher={Springer US}
}

@Book{krumke,
  author    = {Krumke, S. O. and Noltemeier, H.},
  title     = {Graphentheoretische Konzepte und Algorithmen},
  edition   = {2. Auflage},
  publisher = {Vieweg + Teubner},
  address   = {Wiesbaden},
  year      = {2009},
}

@Book{diestel,
  author    = {Reinhard Diestel},
  title     = {Graph Theory},
  edition   = {3. Auflage},
  publisher = {Springer},
  year      = {2016},
}

@Article{Hansen2009135,
  author  = {P. Hansen and M. Labbé and D. Schindl},
  title   = {Set covering and packing formulations of graph coloring: Algorithms and first polyhedral results},
  number  = {2},
  pages   = {135 - 147},
  volume  = {6},
  journal = {Discrete Optimization},
  year    = {2009},
}

@Article{doi:10.1086/303250,
  author  = {M. Jake Vander Zanden and Brian J. Shuter and Nigel Lester and Joseph B. Rasmussen},
  title   = {Patterns of Food Chain Length in Lakes: A Stable Isotope Study.},
  number  = {4},
  pages   = {406-416},
  volume  = {154},
  journal = {The American Naturalist},
  year    = {1999},
}


@article{NER:PCFG,
  title={Efficient, feature-based, conditional random field parsing},
  author={Finkel, Jenny Rose and Kleeman, Alex and Manning, Christopher D},
  journal={Proceedings of ACL-08: HLT},
  pages={959--967},
  year={2008}
}

@techreport{gurulingappa2009patent,
  title={Patent retrieval in chemistry based on semantically tagged named entities},
  author={Gurulingappa, Harsha and M{\"u}ller, Bernd and Klinger, Roman and Mevissen, Heinz-Theodor and Hofmann-Apitius, Martin and Fluck, Juliane and Friedrich, Christoph M},
  year={2009},
  institution={FRAUNHOFER INST SANKT AUGUSTIN (GERMANY) ALGORITHMS AND SCIENTIFIC COMPUTING SCAI}
}

@article{malhotra2014linking,
  title={Linking hypothetical knowledge patterns to disease molecular signatures for biomarker discovery in Alzheimer’s disease},
  author={Malhotra, Ashutosh and Younesi, Erfan and Bagewadi, Shweta and Hofmann-Apitius, Martin},
  journal={Genome medicine},
  volume={6},
  number={11},
  pages={97},
  year={2014},
  publisher={BioMed Central}
}

@article{padden2014identification,
  title={Identification of novel biomarker candidates for the immunohistochemical diagnosis of cholangiocellular carcinoma},
  author={Padden, Juliet and Megger, Dominik A and Bracht, Thilo and Reis, Henning and Ahrens, Maike and Kohl, Michael and Eisenacher, Martin and Schlaak, J{\"o}rg F and Canbay, Ali E and Weber, Frank and others},
  journal={Molecular \& Cellular Proteomics},
  volume={13},
  number={10},
  pages={2661--2672},
  year={2014},
  publisher={ASBMB}
}


@inproceedings{muller2010abstracts,
  title={Abstracts versus full texts and patents: A quantitative analysis of biomedical entities},
  author={M{\"u}ller, Bernd and Klinger, Roman and Gurulingappa, Harsha and Mevissen, Heinz-Theodor and Hofmann-Apitius, Martin and Fluck, Juliane and Friedrich, Christoph M},
  booktitle={Information Retrieval Facility Conference},
  pages={152--165},
  year={2010},
  organization={Springer}
}

@inproceedings{NER:Roman,
  title={Named entity recognition with combinations of conditional random fields},
  author={Klinger, Roman and Friedrich, Christoph M and Fluck, Juliane and Hofmann-Apitius, Martin},
  booktitle={Proceedings of the second biocreative challenge evaluation workshop},
  year={2007}
}

@inproceedings{NER:dict,
 author = {Ratinov, Lev and Roth, Dan},
 title = {Design Challenges and Misconceptions in Named Entity Recognition},
 booktitle = {Proceedings of the Thirteenth Conference on Computational Natural Language Learning},
 series = {CoNLL '09},
 year = {2009},
 isbn = {978-1-932432-29-9},
 location = {Boulder, Colorado},
 pages = {147--155},
 numpages = {9},
 url = {http://dl.acm.org/citation.cfm?id=1596374.1596399},
 acmid = {1596399},
 publisher = {Association for Computational Linguistics},
 address = {Stroudsburg, PA, USA},
}

@inproceedings{NER:deep,
  title={A unified architecture for natural language processing: Deep neural networks with multitask learning},
  author={Collobert, Ronan and Weston, Jason},
  booktitle={Proceedings of the 25th international conference on Machine learning},
  pages={160--167},
  year={2008},
  organization={ACM}
}

@book{NER:schutze2008introduction,
  title={Introduction to information retrieval},
  author={Sch{\"u}tze, Hinrich and Manning, Christopher D and Raghavan, Prabhakar},
  volume={39},
  year={2008},
  publisher={Cambridge University Press}
}

@article{NER:string-match-fuzzy,
  title={A guided tour to approximate string matching},
  author={Navarro, Gonzalo},
  journal={ACM computing surveys (CSUR)},
  volume={33},
  number={1},
  pages={31--88},
  year={2001},
  publisher={ACM}
}

@book{NER:string-match,
  title={Handbook of exact string matching algorithms},
  author={Charras, Christian and Lecroq, Thierry},
  year={2004},
  publisher={Citeseer}
}

@article{Hanisch2005,
abstract = {BACKGROUND: Identification of gene and protein names in biomedical text is a challenging task as the corresponding nomenclature has evolved over time. This has led to multiple synonyms for individual genes and proteins, as well as names that may be ambiguous with other gene names or with general English words. The Gene List Task of the BioCreAtIvE challenge evaluation enables comparison of systems addressing the problem of protein and gene name identification on common benchmark data. METHODS: The ProMiner system uses a pre-processed synonym dictionary to identify potential name occurrences in the biomedical text and associate protein and gene database identifiers with the detected matches. It follows a rule-based approach and its search algorithm is geared towards recognition of multi-word names. To account for the large number of ambiguous synonyms in the considered organisms, the system has been extended to use specific variants of the detection procedure for highly ambiguous and case-sensitive synonyms. Based on all detected synonyms for one abstract, the most plausible database identifiers are associated with the text. Organism specificity is addressed by a simple procedure based on additionally detected organism names in an abstract. RESULTS: The extended ProMiner system has been applied to the test cases of the BioCreAtIvE competition with highly encouraging results. In blind predictions, the system achieved an F-measure of approximately 0.8 for the organisms mouse and fly and about 0.9 for the organism yeast.},
author = {Hanisch, Daniel and Fundel, Katrin and Mevissen, Heinz-Theodor and Zimmer, Ralf and Fluck, Juliane},
file = {:C$\backslash$:/Users/smadan/owncloud-work/Mendeley Library/Hanisch et al/Hanisch et al. - 2005 - ProMiner rule-based protein and gene entity recognition.pdf:pdf},
institution = {Fraunhofer Institute SCAI, Schloss Birlinghoven, 53754 Sankt Augustin, Germany. Daniel.Hanisch@aventis.com},
journal = {BMC bioinformatics},
pages = {S14},
title = {{ProMiner: rule-based protein and gene entity recognition.}},
volume = {6 Suppl 1},
year = {2005}
}

@article{NER:ext,
  title={A survey of named entity recognition and classification},
  author={Nadeau, David and Sekine, Satoshi},
  journal={Lingvisticae Investigationes},
  volume={30},
  number={1},
  pages={3--26},
  year={2007},
  publisher={John Benjamins publishing company}
}

@inproceedings{NER:init,
  title={Message understanding conference-6: A brief history},
  author={Grishman, Ralph and Sundheim, Beth},
  booktitle={COLING 1996 Volume 1: The 16th International Conference on Computational Linguistics},
  volume={1},
  year={1996}
}


@article{bergmann2012information,
  title={Information extraction from chemical patents},
  author={Bergmann, Sandra and Romberg, Mathilde and Klenner, Alexander and Zimmermann, Marc},
  journal={Computer Science},
  volume={13},
  pages={21--32},
  year={2012}
}

@article{wilkinson2016fair,
  title={The FAIR Guiding Principles for scientific data management and stewardship},
  author={Wilkinson, Mark D and Dumontier, Michel and Aalbersberg, IJsbrand Jan and Appleton, Gabrielle and Axton, Myles and Baak, Arie and Blomberg, Niklas and Boiten, Jan-Willem and da Silva Santos, Luiz Bonino and Bourne, Philip E and others},
  journal={Scientific data},
  volume={3},
  year={2016},
  publisher={Nature Publishing Group}
}


@incollection{fluck2015data,
  title={Data Management and Processing in Toxicoinformatics: From Chemical Databases to Automatic Extraction of Unstructured Resources},
  author={Fluck, Juliane and Zimmermann, Marc},
  booktitle={Computational Systems Toxicology},
  pages={109--143},
  year={2015},
  publisher={Springer}
}


@misc{Berners-Lee2001,
    title = {The Semantic Web},
    year = {2001},
    booktitle = {Scientific American},
    author = {Berners-Lee, Tim and Hendler, James and Lassila, Ora},
    doi = {10.1038/scientificamerican0501-34},
    number = {5},
    pages = {34--43},
    volume = {284}
}

@article{Dmitriev2004,
    title = {Language oriented programming: The next programming paradigm},
    year = {2004},
    journal = {JetBrains onBoard},
    author = {Dmitriev, S},
    doi = {10/lop/mps.pdf},
    url = {http://ranger.uta.edu/{$\sim$}tiernan/CSE3302/fall05/PLFinalFall05.doc}
}

@article{Ratiu2012,
    title = {Implementing modular domain specific languages and analyses},
    year = {2012},
    journal = {Proceedings of the Workshop on Model-Driven Engineering, Verification and Validation - MoDeVVa '12},
    author = {Ratiu, Daniel and Voelter, Markus and Molotnikov, Zaur and Schaetz, Bernhard},
    doi = {10.1145/2427376.2427383},
    pages = {35--40},
    url = {http://dl.acm.org/citation.cfm?doid=2427376.2427383}
}

@article{Ratiu2013,
    title = {Using language engineering to lift languages and analyses at the domain level},
    year = {2013},
    journal = {Lecture Notes in Computer Science (including subseries Lecture Notes in Artificial Intelligence and Lecture Notes in Bioinformatics)},
    author = {Ratiu, Daniel and Voelter, M.b and Kolb, B.c and Schaetz, B.a},
    doi = {10.1007/978-3-642-38088-4{\_}35},
    pages = {465--471},
    volume = {7871 LNCS},
    url = {http://www.scopus.com/inward/record.url?eid=2-s2.0-84883388034{\&}partnerID=40{\&}md5=ec717560fa4162b87676269b2fc5670b}
}

@book{Voelter2013,
    title = {DSL Engineering-Designing, Implementing and Using Domain-Specific Languages.},
    year = {2013},
    author = {Voelter, Markus and Benz, Sebastian and Dietrich, Christian},
    url = {http://publications.st.ewi.tudelft.nl/bibtex/2551?noheader=1}
}

@misc{Hodapp2013,
    title = {Vergleich von interner und externer DSL-Technologie zur Entwicklung eines Textsatzsystems zur automatischen Dokumentengenerierung},
    year = {2013},
    author = {Hodapp, Sven},
    doi = {10.5281/zenodo.10940},
    pages = {69}
}

@misc{DINe,
    title = {DIN-1463-2.pdf},
    author = {DIN}
}

@misc{DINa,
    title = {DIN-1505-1.pdf},
    author = {DIN}
}

@misc{DINd,
    title = {DIN-1505-2.pdf},
    author = {DIN}
}

@misc{DIN,
    title = {DIN-1505-3.pdf},
    author = {DIN}
}

@misc{DINb,
    title = {DIN-1505-4.pdf},
    author = {DIN}
}

@misc{6902013,
    title = {690: Information und Dokumentation – Richtlinien f{\"{u}}r Titelangaben und Zitierung von Informationsressourcen},
    year = {2013},
    author = {DIN ISO},
    month = {10},
    pages = {1--47},
    publisher = {DIN Deutsches Institut f{\"{u}}r Normung e. V.}
}

@article{DIN1983,
    title = {1421: Abschnitte, Abs{\"{a}}tze, Aufz{\"{a}}hlungen},
    year = {1983},
    journal = {Gliederung und Benummerung in Texten},
    author = {DIN},
    month = {1},
    publisher = {Beuth Verlag GmbH}
}

@article{DIN1983b,
    title = {1422-1: Gestaltung von Manuskripten und Typoskripten},
    year = {1983},
    journal = {Ver{\"{o}}ffentlichungen aus Wissenschaft, Technik, Wirtschaft und Verwaltung},
    author = {DIN},
    month = {2},
    publisher = {Beuth Verlag GmbH}
}

@article{DIN1984a,
    title = {1422-2: Gestaltung von Reinschriften f{\"{u}}r repographische Verfahren},
    year = {1984},
    journal = {Ver{\"{o}}ffentlichungen aus Wissenschaft, Technik, Wirtschaft und Verwaltung},
    author = {DIN},
    month = {4},
    publisher = {Beuth Verlag GmbH}
}

@article{DIN1984,
    title = {1422-3: Typographische Gestaltung},
    year = {1984},
    journal = {Ver{\"{o}}ffentlichungen aus Wissenschaft, Technik, Wirtschaft und Verwaltung},
    author = {DIN},
    month = {4},
    publisher = {Beuth Verlag GmbH}
}

@article{DIN1986,
    title = {1422-4: Gestaltung von Forschungsberichten},
    year = {1986},
    journal = {Ver{\"{o}}ffentlichungen aus Wissenschaft, Technik, Wirtschaft und Verwaltung},
    author = {DIN},
    month = {8},
    publisher = {Beuth Verlag GmbH}
}

@misc{DINc,
    title = {DIN-1463-1.pdf},
    author = {DIN}
}

@article{ISO/IEC2006,
    title = {26300: Open Document Format for Office Applications (OpenDocument) v1.0},
    year = {2006},
    journal = {Information technology},
    author = {ISO/IEC},
    month = {12},
    volume = {}
}

@phdthesis{Peroni2012,
    title = {Semantic Publishing: issues, solutions and new trends in scholarly publishing within the Semantic Web era},
    year = {2012},
    author = {Peroni, Silvio},
    url = {http://amsdottorato.cib.unibo.it/4766/}
}

@book{Sikos,
    title = {Web Standards. Mastering HTML5, CSS3, and XML},
    year = {2011},
    author = {Sikos, Leslie F.},
    doi = {10.1007/978-1-4302-4042-6},
    edition = {1. Aufl.},
    publisher = {Apress},
    url = {http://link.springer.com/10.1007/978-1-4302-4042-6}
}

@book{Lam2006,
    title = {Compilers: Principles, Techniques, and Tools},
    year = {2006},
    author = {Lam, M and Sethi, R and Ullman, JD and Aho, A},
    url = {http://scholar.google.com/scholar?hl=en{\&}btnG=Search{\&}q=intitle:Compilers+-+Principles,+Techniques,+{\&}+Tools{\#}0 http://scholar.google.com/scholar?hl=en{\&}btnG=Search{\&}q=intitle:Compilers:+Principles,+Techniques,+and+Tools{\#}0}
}

@book{Stachowiak1973,
    title = {Allgemeine Modelltheorie},
    year = {1973},
    author = {Stachowiak, Herbert},
    url = {http://www.citeulike.org/group/13305/article/7013052 https://archive.org/details/Stachowiak1973AllgemeineModelltheorie}
}

@book{Roestenburg,
    title = {Akka in Action},
    year = {2014},
    author = {Roestenburg, Raymond and Bakker, Rob and Williams, Rob},
    edition = {Early Acce},
    pages = {475},
    publisher = {Manning Publications Company},
    url = {http://www.manning.com/roestenburg/}
}

@article{Strahringer1998,
    title = {Ein sprachbasierter Metamodellbegriff und seine Verallgemeinerung durch das Konzept des Metaisierungsprinzips.},
    year = {1998},
    journal = {Modellierung},
    author = {Strahringer, Susanne},
    pages = {49--50},
    volume = {98},
    url = {http://tu-dresden.de/wwwiisih/Publikationen/Modellierung98Strah.pdf}
}

@article{Malissa1971,
    title = {Automation in und mit der Analytischen Chemie IV},
    year = {1971},
    journal = {Fresenius' Zeitschrift f{\"{u}}r Analytische Chemie},
    author = {Malissa, Hanns},
    doi = {10.1007/BF00537872},
    number = {1},
    pages = {7--14},
    volume = {256},
    url = {http://link.springer.com/10.1007/BF00537872}
}

@book{ANSI/NISO2012,
    title = {Z39.96-2012: JATS. Journal Article Tag Suite},
    year = {2012},
    author = {ANSI/NISO},
    publisher = {National Information Standards Organization}
}

@article{Ludewig2002,
    title = {Modelle im Software Engineering-eine Einf{\"{u}}hrung und Kritik.},
    year = {2002},
    journal = {Modellierung},
    author = {Ludewig, Jochen},
    pages = {7--22},
    publisher = {GI},
    url = {http://www.iste.uni-stuttgart.de/fileadmin/user{\_}upload/iste/se/research/publications/download/Modelle.pdf http://dl.acm.org/citation.cfm?id=647085.715538}
}

@article{North,
    title = {Behavior Modification},
    year = {2006},
    journal = {BETTER SOFTWARE MAGAZINE},
    author = {North, Dan},
    month = {3},
    url = {http://dannorth.net/introducing-bdd/}
}

@book{Anderson,
    title = {CouchDB: The Definitive Guide},
    year = {2010},
    author = {Anderson, J Chris and Lehnardt, Jan and Slater, Noah},
    publisher = {O'Reilly Media, Inc.},
    url = {http://guide.couchdb.org/index.html}
}

@inproceedings{Hewitt,
    title = {A Universal Modular ACTOR Formalism for Artificial Intelligence},
    year = {1973},
    booktitle = {Proceedings of the 3rd International Joint Conference on Artificial Intelligence},
    author = {Hewitt, Carl and Bishop, Peter and Steiger, Richard},
    pages = {235--245},
    series = {IJCAI'73},
    publisher = {Morgan Kaufmann Publishers Inc.},
    url = {http://dl.acm.org/citation.cfm?id=1624775.1624804}
}

@article{TypesafeInc.2014,
    title = {Akka Scala Documentation. Release 2.3.3},
    year = {2014},
    author = {Typesafe Inc.},
    month = {5}
}

@article{Hewitt2,
    title = {Actor Model for Discretionary, Adaptive Concurrency},
    year = {2010},
    journal = {CoRR},
    author = {Hewitt, Carl},
    volume = {abs/1008.1}
}

@article{Groza2007,
    title = {SALT - Semantically Annotated LaTeX for Scientific Publications},
    year = {2007},
    journal = {The Semantic Web: Research and Applications},
    author = {Groza, Tudor and Handschuh, Siegfried and M{\"{o}}ller, Knud and Decker, Stefan},
    doi = {10.1007/978-3-540-72667-8{\_}37},
    pages = {518--532},
    url = {http://citeseerx.ist.psu.edu/viewdoc/download?doi=10.1.1.116.5093{\&}rep=rep1{\&}type=pdf}
}

@incollection{Groza,
    title = {SALT - Semantically Annotated LaTeX for Scientific Publications},
    year = {2007},
    booktitle = {The Semantic Web: Research and Applications},
    author = {Groza, Tudor and Handschuh, Siegfried and M{\"{o}}ller, Knud and Decker, Stefan},
    doi = {10.1007/978-3-540-72667-8{\_}37},
    pages = {518--532},
    publisher = {Springer Science + Business Media},
    url = {http://citeseerx.ist.psu.edu/viewdoc/download?doi=10.1.1.116.5093{\&}rep=rep1{\&}type=pdf}
}

@article{Heese,
    title = {One Click Annotation},
    year = {2010},
    journal = {6th Workshop on Scripting and Development for the Semantic Web},
    author = {Heese, Ralf and Luczak-R{\"{o}}sch, Markus and Paschke, Adrian and Oldakowski, Radoslaw and Streibel, Olga},
    month = {5}
}

@book{Segaran,
    title = {Programming the Semantic Web},
    year = {2009},
    author = {Segaran, Toby and Evans, Colin and Taylor, Jamie},
    publisher = {O'Reilly Media, Inc.}
}

@article{Knuth,
    title = {Literate Programming},
    year = {1984},
    journal = {The Computer Journal},
    author = {Knuth, Donald E.},
    doi = {10.1093/comjnl/27.2.97},
    number = {2},
    month = {2},
    pages = {97--111},
    volume = {27},
    publisher = {Oxford University Press (OUP)},
    url = {http://dx.doi.org/10.1093/comjnl/27.2.97 http://comjnl.oupjournals.org/cgi/doi/10.1093/comjnl/27.2.97 http://literateprogramming.com/knuthweb.pdf}
}

@misc{Edwards2003,
    title = {Abstract Syntax Trees},
    year = {2003},
    author = {Edwards, Stephen A.}
}

@book{Henderson-Sellers2012,
    title = {On the mathematics of modelling, metamodelling, ontologies and modelling languages},
    year = {2012},
    author = {Henderson-Sellers, B},
    url = {http://link.springer.com/content/pdf/10.1007/978-3-642-29825-7.pdf}
}

@book{Pan,
    title = {Ontology-Driven Software Development},
    year = {2013},
    author = {Pan, JZ and Staab, S and A{\ss}mann, U and Ebert, J and Zhao, Y},
    doi = {10.1007/978-3-642-31226-7},
    editor = {Pan, Jeff Z. and Staab, Steffen and A{\ss}mann, Uwe and Ebert, J{\"{u}}rgen and Zhao, Yuting},
    publisher = {Springer Berlin Heidelberg},
    url = {http://books.google.com/books?hl=en{\&}lr={\&}id=jeg{\_}AAAAQBAJ{\&}oi=fnd{\&}pg=PR3{\&}dq=Ontology-Driven+Software+Development{\&}ots=INxS6hd{\_}0o{\&}sig=XIQxbqWnk4Cm5lVP{\_}12HNAmfBCI http://link.springer.com/10.1007/978-3-642-31226-7}
}

@article{McDirmid2007,
    title = {Living it up with a live programming language},
    year = {2007},
    journal = {ACM SIGPLAN Notices},
    author = {McDirmid, Sean},
    doi = {10.1145/1297105.1297073},
    number = {10},
    month = {10},
    pages = {623},
    volume = {42},
    url = {http://portal.acm.org/citation.cfm?doid=1297105.1297073 http://dl.acm.org/citation.cfm?id=1297073}
}

@article{Gomolka2013,
    title = {Structure Editors: Old Hat or Future Vision?},
    year = {2013},
    journal = {Evaluation of Novel Approaches to Software …},
    author = {Gomolka, Andreas and Humm, Bernhard},
    pages = {82--97},
    url = {http://link.springer.com/chapter/10.1007/978-3-642-32341-6{\_}6}
}

@book{Burger2006,
    title = {Digitale Bildverarbeitung: Eine Einführung mit Java und ImageJ},
    year = {2006},
    author = {Burger, Wilhelm and Burge, Mark James},
    publisher = {Springer-Verlag Berlin Heidelberg}
}

@book{Haase2008,
    title = {Kommunikation in verteilten Anwendungen},
    year = {2008},
    author = {Haase, Oliver},
    url = {https://sisis.rz.htw-berlin.de/inh2008/12362548.pdf}
}

@article{Bengel2008,
    title = {Masterkurs Parallele und Verteilte Systeme},
    year = {2008},
    journal = {Vieweg+ Teubner Verlag},
    author = {Bengel, G and Baun, C and Kunze, M and Stucky, KU},
    doi = {10.1007/978-3-8348-9516-5},
    publisher = {Vieweg+Teubner},
    url = {http://www.springerlink.com/index/10.1007/978-3-8348-9516-5}
}

@article{Joachim1999,
    title = {Metzler Physik: L{\"{o}}sungen},
    year = {1999},
    author = {Joachim, G and Joachim, K},
    url = {http://scholar.google.com/scholar?hl=en{\&}btnG=Search{\&}q=intitle:Metzler+Physik{\#}4}
}

@book{Cederholm2010,
    title = {CSS3 for web designers},
    year = {2010},
    author = {Cederholm, Dan and Zeldman, J},
    url = {http://www.mann-ivanov-ferber.ru/assets/files/bookparts/for-web-designers/css3{\_}read.pdf}
}

@article{Hall,
    title = {OSGi in action},
    year = {2011},
    journal = {… Modular Applications in …},
    author = {Hall, RS and Pauls, Karl},
    url = {https://sisis.rz.htw-berlin.de/inh2012/12425285.pdf}
}

@book{Scarpino2011a,
    title = {OpenCL in Action},
    year = {2011},
    author = {Scarpino, Matthew},
    pages = {1--458},
    url = {papers2://publication/uuid/69731F95-2EF6-4DAA-93D3-3E101997D299}
}

@article{Fielding2000,
    title = {Architectural styles and the design of network-based software architectures},
    year = {2000},
    author = {Fielding, Roy Thomas},
    publisher = {UNIVERSITY OF CALIFORNIA, IRVINE},
    url = {http://www.ics.uci.edu/{$\sim$}fielding/pubs/dissertation/fielding{\_}dissertation.pdf}
}

@article{Fluck2014a,
    title = {BELIEF - A semiautomatic workflow for BEL network creation},
    year = {2014},
    author = {Fluck, Juliane and Madan, Sumit and Ansari, Sam and Szostak, Justyna and Hoeng, Julia and Zimmermann, Marc and Hofmann, Martin and Apitius, ?},
    doi = {10.5167/uzh-98982},
    number = {July 2015}
}

@misc{SelventaInc.2011,
    title = {Biological Expression Language V1.0 Overview},
    year = {2011},
    author = {Selventa Inc.}
}

@inproceedings{Madan2015,
    title = {BELIEF Dashboard – a Web-based Curation Interface to Support Generation of BEL Networks},
    year = {2015},
    booktitle = {Proceedings of the Fifth BioCreative Challenge Evaluation Workshop},
    author = {Madan, Sumit and Hodapp, Sven and Fluck, Juliane},
    pages = {409--417},
    url = {http://www.biocreative.org/media/store/files/2015/IAT{\_}belief{\_}5.pdf}
}

@misc{Hodapp2014,
    title = {Wissenschaftliche Dokumente mit dom{\"{a}}nenspezifischen Inhalten: Entwicklung eines allgemeinen Modells f{\"{u}}r wissenschaftliche Dokumente umgesetzt als browserbasierter Editor},
    year = {2014},
    author = {Hodapp, Sven},
    doi = {http://dx.doi.org/10.5281/zenodo.11466},
    number = {August},
    url = {https://zenodo.org/record/11466}
}

@book{Robbinson2008,
    title = {Graph Databases},
    year = {2008},
    booktitle = {Vasa},
    author = {Robbinson, Ian and Webber, Jim and Eifrem, Emil and Breu, F.X. and Guggenbichler, S. and Wollmann, J.C.},
    doi = {http://dx.doi.org/10.1016/B978-0-12-407192-6.00003-0},
    pages = {223}
}

@book{Newman15,
    title = {Building Microservices: Designing Fine-Grained Systems},
    year = {2015},
    author = {Newman, Sam},
    edition = {First},
    pages = {280},
    publisher = {O'Reilly Media}
}

@article{Hinsen2015,
    title = {ActivePapers: a platform for publishing and archiving computer-aided research},
    year = {2015},
    journal = {F1000Research},
    author = {Hinsen, Konrad},
    doi = {10.12688/f1000research.5773.2},
    number = {2},
    volume = {3},
    url = {http://f1000research.com/articles/3-289{\#}article-reports}
}

@article{Andersen2011,
    title = {An approach based on epistemology and sociology of knowledge.},
    year = {2011},
    journal = {Advances in Classification Research Online},
    author = {Andersen, Jack},
    doi = {10.7152/acro.v11i1.12784},
    number = {1},
    pages = {169--170},
    volume = {11},
    url = {http://journals.lib.washington.edu/index.php/acro/article/view/12784}
}

@article{Shotton2011,
    title = {DoCO, the Document Components Ontology},
    year = {2011},
    author = {Shotton, David and Peroni, Silvio},
    url = {http://www.essepuntato.it/lode/http://purl.org/spar/doco}
}

@article{Kepner2014,
    title = {Achieving 100,000,000 database inserts per second using Accumulo and D4M},
    year = {2014},
    author = {Kepner, Jeremy and Arcand, William and Bestor, David and Bergeron, Bill and Byun, Chansup and Gadepally, Vijay and Hubbell, Matthew and Michaleas, Peter and Mullen, Julie and Prout, Andrew and Reuther, Albert and Rosa, Antonio and Yee, Charles},
    doi = {10.1109/HPEC.2014.7040945},
    pages = {1--6}
}

@article{Amossen2011,
    title = {A new data layout for set intersection on GPUs},
    year = {2011},
    journal = {Proceedings - 25th IEEE International Parallel and Distributed Processing Symposium, IPDPS 2011},
    author = {Amossen, Rasmus Resen and Pagh, Rasmus},
    doi = {10.1109/IPDPS.2011.71},
    pages = {698--708}
}

@article{Sen2013,
    title = {Benchmarking Apache Accumulo BigData Distributed Table Store Using Its Continuous Test Suite},
    year = {2013},
    journal = {2013 IEEE International Congress on Big Data},
    author = {Sen, Ranjan and Farris, Andrew and Guerra, Peter},
    doi = {10.1109/BigData.Congress.2013.51},
    pages = {334--341},
    url = {http://ieeexplore.ieee.org/lpdocs/epic03/wrapper.htm?arnumber=6597155}
}

@article{Chang2006,
    title = {Bigtable: A distributed storage system for structured data},
    year = {2006},
    journal = {7th Symposium on Operating Systems Design and Implementation (OSDI '06), November 6-8, Seattle, WA, USA},
    author = {Chang, Fay and Dean, Jeffrey and Ghemawat, Sanjay and Hsieh, Wilson C. and Wallach, Deborah A. and Burrows, Mike and Chandra, Tushar and Fikes, Andrew and Gruber, Robert E.},
    doi = {10.1145/1365815.1365816},
    pages = {205--218},
    url = {http://research.google.com/archive/bigtable-osdi06.pdf}
}

@article{Kepner2013,
    title = {D4M 2.0 schema: A general purpose high performance schema for the Accumulo database},
    year = {2013},
    journal = {2013 IEEE High Performance Extreme Computing Conference, HPEC 2013},
    author = {Kepner, Jeremy and Anderson, Christian and Arcand, William and Bestor, David and Bergeron, Bill and Byun, Chansup and Hubbell, Matthew and Michaleas, Peter and Mullen, Julie and O'Gwynn, David and Prout, Andrew and Reuther, Albert and Rosa, Antonio and Yee, Charles},
    doi = {10.1109/HPEC.2013.6670318},
    pages = {2--7}
}

@article{Kepner2012,
    title = {Dynamic distributed dimensional data model (D4M) database and computation system},
    year = {2012},
    journal = {2012 IEEE International Conference on Acoustics, Speech and Signal Processing (ICASSP)},
    author = {Kepner, Jeremy and Arcand, William and Bergeron, William and Bliss, Nadya and Bond, Robert and Byun, Chansup and Condon, Gary and Gregson, Kenneth and Hubbell, Matthew and Kurz, Jonathan and McCabe, Andrew and Michaleas, Peter and Prout, Andrew and Reuther, Albert and Rosa, Antonio and Yee, Charles},
    doi = {10.1109/ICASSP.2012.6289129},
    pages = {5349--5352},
    url = {http://ieeexplore.ieee.org/lpdocs/epic03/wrapper.htm?arnumber=6289129}
}

@article{Zampieri2012,
    title = {Automatic Identification of Language Varieties : The Case of Portuguese},
    year = {2012},
    journal = {Proceedings of KONVENS 2012},
    author = {Zampieri, Marcos and Gebre, Binyam Gebrekidan},
    number = {1994},
    pages = {233--237},
    volume = {2012}
}

@article{Ao,
    title = {Efficient Parallel Lists Intersection and Index Compression Algorithms using Graphics Processing Units},
    journal = {Data Engineering},
    author = {Ao, Naiyong and Zhang, Fan and Wu, Di and Stones, Douglas S and Wang, Gang and Liu, Jing and Lin, Sheng},
    pages = {470--481}
}

@article{Gerhart2015,
    title = {Approach to Define Highly Scalable Metamodels Based on JSON},
    year = {2015},
    journal = {BigMDE 2015},
    author = {Gerhart, Markus and Bayer, Julian and H{\"{o}}fner, Jan Moritz and Boger, Marko},
    pages = {11}
}

@book{Cordova2015,
    title = {Accumulo: Application Development, Table Design, and Best Practices},
    year = {2015},
    author = {Cordova, Aaron and Rinaldi, Billie and Wall, Michael}
}

@article{Bergmann2012,
    title = {INFORMATION EXTRACTION FROM CHEMICAL PATENTS},
    year = {2012},
    journal = {Computer Science},
    author = {Bergmann, Sandra and Romberg, Mathilde and Klenner, Alexander and Zimmermann, Marc},
    doi = {10.7494/csci.2012.13.2.21},
    number = {2},
    pages = {21},
    volume = {13},
    url = {http://journals.agh.edu.pl/csci/article/view/28}
}

@inproceedings{cook1971complexity,
  title={The complexity of theorem-proving procedures},
  author={Cook, Stephen A},
  booktitle={Proceedings of the third annual ACM symposium on Theory of computing},
  pages={151--158},
  year={1971},
  organization={ACM}
}


@article{Birgisson2014,
    title = {Macaroons : Cookies with Contextual Caveats for Decentralized Authorization in the Cloud},
    year = {2014},
    journal = {Ndss},
    author = {Birgisson, Arnar and Politz, Joe Gibbs and Taly, Ankur and Vrable, Michael and Lentczner, Mark},
    number = {February},
    pages = {23--26}
}

@article{Ferrucci2004,
    title = {UIMA: an architectural approach to unstructured information processing in the corporate research environment},
    year = {2004},
    journal = {Natural Language Engineering},
    author = {Ferrucci, David and Lally, Adam},
    doi = {10.1017/S1351324904003523},
    number = {3-4},
    pages = {327--348},
    volume = {10}
}

@article{Ogren2009,
    title = {Building test suites for UIMA components},
    year = {2009},
    journal = {Proceedings of the Workshop on Software Engineering, Testing, and Quality Assurance for Natural Language Processing (SETQA-NLP 2009)},
    author = {Ogren, Philip V. and Bethard, Steven J.},
    doi = {10.3115/1621947.1621948},
    number = {June},
    pages = {1--4},
    volume = {Proceeding},
    url = {http://dl.acm.org/citation.cfm?id=1621947.1621948}
}

@article{Epstein2012,
    title = {Making Watson fast},
    year = {2012},
    journal = {IBM Journal of Research and Development},
    author = {Epstein, E. a. and Schor, M. I. and Iyer, B. S. and Lally, a. and Brown, E.W. and Cwiklik, J.},
    doi = {10.1147/JRD.2012.2188761},
    number = {3.4},
    pages = {1--15},
    volume = {56},
    url = {http://ieeexplore.ieee.org/xpl/articleDetails.jsp?arnumber=6177722{\&}sortType{\%}3Dasc{\_}p{\_}Sequence{\%}26filter{\%}3DAND{\%}28p{\_}IS{\_}Number{\%}3A6177717{\%}29}
}

@article{Hanisch2004,
    title = {ProMiner : Organism-specific protein name detection using approximate string matching The ProMiner system},
    year = {2004},
    journal = {BioCreative: Critical Assessment for Information Extraction in Biology},
    author = {Hanisch, Daniel and Fundel, Katrin and Mevissen, Heinz-theodor and Zimmer, Ralf and Fluck, Juliane},
    pages = {1--5}
}

@misc{UIMA2014,
    title = {UIMA Asynchronous Scaleout},
    year = {2014},
    author = {ApacheUIMA},
    url = {https://uima.apache.org/d/uima-as-2.6.0/uima{\_}async{\_}scaleout.pdf}
}

@article{Kwok1990,
    title = {Experiments with a Component Theory of Probabilistic Information Retrieval Based on Single Terms as Document Components City University of New York},
    year = {1990},
    journal = {October},
    author = {Kwok, K L},
    doi = {10.1145/102675.102677},
    number = {4},
    pages = {363--366},
    volume = {6}
}

@article{Heinrichs2011,
    title = {Semiotik Die Sigmatik als vierte semiotische Dimension bei},
    year = {2011},
    author = {Heinrichs, Johannes},
    pages = {237--254},
    volume = {4}
}

@article{Trotman2003,
    title = {Identifying and ranking relevant document elements},
    year = {2003},
    journal = {INEX 2003 Workshop Proceedings},
    author = {Trotman, Andrew and O'Keefe, Richard A},
    doi = {10.1.1.74.2760},
    pages = {149--154},
    url = {http://citeseerx.ist.psu.edu/viewdoc/download?doi=10.1.1.74.2760{\&}rep=rep1{\&}type=pdf}
}

@article{Streit2010,
    title = {UNICORE 6 — Recent and Future Advancements},
    year = {2010},
    journal = {annals of telecommunications - annales des t{\'{e}}l{\'{e}}communications},
    author = {Streit, Achim and Bala, Piotr and Beck-Ratzka, Alexander and Benedyczak, Krzysztof and Bergmann, Sandra and Breu, Rebecca and Daivandy, Jason Milad and Demuth, Bastian and Eifer, Anastasia and Giesler, Andr{\'{e}} and Hagemeier, Bj{\"{o}}rn and Holl, Sonja and Huber, Valentina and Lamla, Nadine and Mallmann, Daniel and Memon, Ahmed Shiraz and Memon, Mohammad Shahbaz and Rambadt, Michael and Riedel, Morris and Romberg, Mathilde and Schuller, Bernd and Schlauch, Tobias and Schreiber, Andreas and Soddemann, Thomas and Ziegler, Wolfgang},
    doi = {10.1007/s12243-010-0195-x},
    number = {11-12},
    month = {12},
    pages = {757--762},
    volume = {65},
    url = {http://link.springer.com/10.1007/s12243-010-0195-x}
}

@article{EckartdeCastilho2014,
    title = {A broad-coverage collection of portable NLP components for building shareable analysis pipelines},
    year = {2014},
    journal = {Proceedings of the Workshop on Open Infrastructures and Analysis Frameworks for HLT},
    author = {Eckart de Castilho, Richard and Gurevych, Iryna},
    number = {1},
    pages = {1--11},
    volume = {2},
    url = {http://www.aclweb.org/anthology/W/W14/W14-5201}
}


@inproceedings{Higashino:2017:AMA:3151759.3151840,
 author = {Higashino, Masayuki},
 title = {Application of Mobile Agent Technology to Microservice Architecture},
 booktitle = {Proceedings of the 19th International Conference on Information Integration and Web-based Applications \& Services},
 series = {iiWAS '17},
 year = {2017},
 isbn = {978-1-4503-5299-4},
 location = {Salzburg, Austria},
 pages = {526--529},
 numpages = {4},
 url = {http://doi.acm.org/10.1145/3151759.3151840},
 doi = {10.1145/3151759.3151840},
 acmid = {3151840},
 publisher = {ACM},
 address = {New York, NY, USA},
 keywords = {microservice, mobile agent, web service},
} 

@article{fernandez2017microservice,
  title={A microservice-based architecture for enhancing the user experience in cross-device distributed mashup UIs with multiple forms of interaction},
  author={Fern{\'a}ndez-Garc{\'\i}a, Antonio Jes{\'u}s and Iribarne, Luis and Corral, Antonio and Criado, Javier and Wang, James Z},
  journal={Universal Access in the Information Society},
  pages={1--24},
  year={2017},
  publisher={Springer}
}

 @book{masse2011rest,
  title={REST API Design Rulebook: Designing Consistent RESTful Web Service Interfaces},
  author={Masse, Mark},
  year={2011},
  publisher={" O'Reilly Media, Inc."}
}

@article{cote2006ontology,
  title={The Ontology Lookup Service, a lightweight cross-platform tool for controlled vocabulary queries},
  author={C{\^o}t{\'e}, Richard G and Jones, Philip and Apweiler, Rolf and Hermjakob, Henning},
  journal={BMC bioinformatics},
  volume={7},
  number={1},
  pages={97},
  year={2006},
  publisher={BioMed Central}
}

@inproceedings{fluck2014belief,
  title={BELIEF-A semiautomatic workflow for BEL network creation},
  author={Fluck, Juliane and Madan, Sumit and Ansari, Sam and others},
  booktitle={Proc. 6th Int. Symp. Semant. Min. Biomed},
  pages={109--113},
  year={2014}
}

@inproceedings{fluck2013bel,
  title={BEL networks derived from qualitative translations of BioNLP Shared Task annotations},
  author={Fluck, Juliane and Klenner, Alexander and Madan, Sumit and Ansari, Sam and Bobic, Tamara and Hoeng, Julia and Hofmann-Apitius, Martin and Peitsch, Manuel},
  booktitle={Proceedings of the 2013 Workshop on Biomedical Natural Language Processing},
  pages={80--88},
  year={2013}
}

@article{emon2017using,
  title={Using Drugs as Molecular Probes: A Computational Chemical Biology Approach in Neurodegenerative Diseases},
  author={Emon, Mohammad Asif Emran Khan and Karki, Reagon and Younesi, Erfan and Hofmann-Apitius, Martin and others},
  journal={Journal of Alzheimer's Disease},
  volume={56},
  number={2},
  pages={677--686},
  year={2017},
  publisher={IOS Press}
}

@article{iyappan2017neuroimaging,
  title={Neuroimaging Feature Terminology: A Controlled Terminology for the Annotation of Brain Imaging Features},
  author={Iyappan, Anandhi and Younesi, Erfan and Redolfi, Alberto and Vrooman, Henri and Khanna, Shashank and Frisoni, Giovanni B and Hofmann-Apitius, Martin},
  journal={Journal of Alzheimer's Disease},
  volume={59},
  number={4},
  pages={1153--1169},
  year={2017},
  publisher={IOS Press}
}

@inproceedings{dorpinghaus2017document,
  title={Document clustering using a graph covering with pseudostable sets},
  author={D{\"o}rpinghaus, Jens and Schaaf, Sebastian and Fluck, Juliane and Jacobs, Marc},
  booktitle={Computer Science and Information Systems (FedCSIS), 2017 Federated Conference on},
  pages={329--338},
  year={2017},
  organization={IEEE}
}

@inproceedings{sda,
  title={{SDA: Towards a novel Knowledge Discovery Model for Information Systems}},
  author={Marc Jacobs and Sven Hodapp and Jens D\"orpinghaus},
  booktitle={Proceedings of the 11th IADIS International Conference Information Systems 2018},
  pages={300--302},
  year={2018},
  organization={IADIS}
}

@article{coordinators2017database,
  title={Database resources of the national center for biotechnology information},
  author={Coordinators, NCBI Resource},
  journal={Nucleic acids research},
  volume={45},
  number={Database issue},
  pages={D12},
  year={2017},
  publisher={Oxford University Press}
}

@inproceedings{zimmermann2011chemical,
  title={Chemical Structure Reconstruction with chemoCR.},
  author={Zimmermann, Marc},
  booktitle={TREC},
  year={2011}
}

@article{kluegl2016uima,
  title={UIMA Ruta: Rapid development of rule-based information extraction applications},
  author={Kluegl, Peter and Toepfer, Martin and Beck, Philip-Daniel and Fette, Georg and Puppe, Frank},
  journal={Natural Language Engineering},
  volume={22},
  number={1},
  pages={1--40},
  year={2016},
  publisher={Cambridge University Press}
}


@InProceedings{sda2,
  author       = {Jens D\"orpinghaus and Marc Jacobs and Juliane Fluck},
  booktitle    = {Proceedings of the 11th IADIS International Conference Information Systems 2018},
  title        = {{Graph based Discovery in biomedical Information Systems connecting scientific Texts with structured Expoert Knowledge}},
  organization = {IADIS},
  pages        = {297--299},
  year         = {2018},
}

@article{cote2008ontology,
  title={The Ontology Lookup Service: more data and better tools for controlled vocabulary queries},
  author={C{\^o}t{\'e}, Richard G and Jones, Philip and Martens, Lennart and Apweiler, Rolf and Hermjakob, Henning},
  journal={Nucleic acids research},
  volume={36},
  number={suppl\_2},
  pages={W372--W376},
  year={2008},
  publisher={Oxford University Press}
}




@article{Stoffel2010ComparingWorkbenches,
    title = {Comparing Language Workbenches},
    year = {2010},
    journal = {MSE-seminar: Program Analysis and Transformation},
    author = {Stoffel, Roman}
}

@article{Fowler2005LanguageLanguages,
    title = {Language workbenches: The killer-app for domain specific languages},
    year = {2005},
    journal = {Accessed online from: http://www. martinfowler. com/articles/languageWorkbench. html},
    author = {Fowler, Martin},
    pages = {1--27},
    url = {http://www.issi.uned.es/doctorado/generative/Bibliografia/Fowler.pdf}
}

@article{Solomatov2009DSLJetBrains,
    title = {DSL Adoption with JetBrains},
    year = {2009},
    author = {Solomatov, Konstantin}
}

@article{Lorenz2011AProgramming,
    title = {A Comparative Case Study of Code Reuse With Language Oriented Programming},
    year = {2011},
    author = {Lorenz, David H. and Rosenan, Boaz},
    number = {926},
    month = {3},
    url = {http://arxiv.org/abs/1103.5901}
}

@article{Annenkov2013GenerationLanguage,
    title = {Generation Technique for Django MVC Web Framework Using the Stratego Transformation Language},
    year = {2013},
    author = {Annenkov, D V and Cherkashin, E A},
    pages = {1360--1364}
}

@article{Sandven2012MetamodelEditor,
    title = {Metamodel based Code Generation in DPF Editor},
    year = {2012},
    author = {Sandven, Anders},
    number = {March}
}

@article{Krause2000JChemPaintStructures,
    title = {JChemPaint - Using the Collaborative Forces of the Internet to Develop a Free Editor for 2D Chemical Structures},
    year = {2000},
    author = {Krause, Stefan and Willighagen, Egon and Steinbeck, Christoph},
    pages = {93--98}
}

@book{Kern2013Second,
    title = {Second Workshop on Graphical Modeling Language Development ( GMLD 2013 )},
    year = {2013},
    author = {Kern, Heiko and Tolvanen, Juha-pekka and Bottoni, Paolo},
    number = {Gmld}
}

@article{Studienarbeiten2013RichtlinieArbeiten,
    title = {Richtlinie zur Gestaltung von wissenschaftlichen Arbeiten},
    year = {2013},
    author = {Studienarbeiten, Diplom-},
    number = {September}
}

@book{Keith2010HTML5Desingers,
    title = {HTML5 for Web Desingers},
    year = {2010},
    author = {Keith, Jeremy}
}

@article{Fluck2014BELIEFCreation,
    title = {BELIEF - A semiautomatic workflow for BEL network creation},
    year = {2014},
    author = {Fluck, Juliane and Madan, Sumit and Ansari, Sam and Szostak, Justyna and Hoeng, Julia and Zimmermann, Marc and Hofmann, Martin and Apitius, ?},
    doi = {10.5167/uzh-98982}
}

@article{Willer2013Document,
    title = {Document Theory : An Introduction},
    year = {2013},
    author = {Willer, Mirna and Gilliland, Anne J and Tomić, Marijana and Buckland, Michael},
    pages = {1--10}
}

@inproceedings{Hodapp2016,
	Address = {Portoro{\v z}, Slovenia},
	author = {Hodapp, Sven and Madan, Sumit and Fluck, Juliane and Zimmermann, Marc},
	booktitle = {Proceedings of the LREC 2016 Workshop "Cross-Platform Text Mining and Natural Language Processing Interoperability"},
	keywords = {microservice},
	mendeley-tags = {microservice},
	pages = {19--23},
	title = {{Integration of UIMA Text Mining Components into an Event-based Asynchronous Microservice Architecture}},
	year = {2016},
	Publisher = {European Language Resources Association (ELRA)}
}

@article{Zhu2004,
	author = {Zhu, Y M and Webster, S J and Flower, D and Woll, P J},
	doi = {10.1038/sj.bjc.6602227},
	issn = {0007-0920},
	journal = {British Journal of Cancer},
	month = {nov},
	number = {11},
	pages = {1970--1976},
	pmid = {15545974},
	title = {{Interleukin-8/CXCL8 is a growth factor for human lung cancer cells}},
	url = {http://www.ncbi.nlm.nih.gov/pubmed/15545974 http://www.pubmedcentral.nih.gov/articlerender.fcgi?artid=PMC2409768 http://www.nature.com/articles/6602227},
	volume = {91},
	year = {2004}
}

@article{madan2016bel,
	author = {Madan, Sumit and Hodapp, Sven and Senger, Philipp and Ansari, Sam and Szostak, Justyna and Hoeng, Julia and Peitsch, Manuel and Fluck, Juliane},
	doi = {10.1093/database/baw136},
	file = {:C$\backslash$:/Users/smadan/owncloud-work/Mendeley Library/Madan et al/Madan et al. - 2016 - The BEL information extraction workflow (BELIEF) evaluation in the BioCreative V BEL and IAT track.pdf:pdf},
	issn = {1758-0463},
	journal = {Database},
	month = {oct},
	pages = {baw136},
	publisher = {Oxford University Press},
	title = {{The BEL information extraction workflow (BELIEF): evaluation in the BioCreative V BEL and IAT track}},
	url = {http://database.oxfordjournals.org/lookup/doi/10.1093/database/baw136},
	volume = {2016},
	year = {2016}
}

@article{Szostak2015a,
	author = {Szostak, Justyna and Ansari, Sam and Madan, Sumit and Fluck, Juliane and Talikka, Marja and Iskandar, Anita and {De Le{\'{o}}n}, H{\'{e}}ctor and Hofmann-Apitius, Martin and Peitsch, Manuel C and Hoeng, Julia},
	doi = {10.1093/database/bav057},
	file = {:C$\backslash$:/Users/smadan/owncloud-work/Mendeley Library/Szostak et al/Szostak et al. - 2015 - Construction of biological networks from unstructured information based on a semi-automated curation workflow.pdf:pdf},
	journal = {Database : the journal of biological databases and curation},
	pmid = {26200752},
	title = {{Construction of biological networks from unstructured information based on a semi-automated curation workflow}},
	volume = {2015},
	year = {2015}
}

@book{newman2015building,
	title={Building microservices: designing fine-grained systems},
	author={Newman, Sam},
	year={2015},
	publisher={" O'Reilly Media, Inc."}
}

@inproceedings{VocBench,
  title={VocBench: a web application for collaborative development of multilingual thesauri},
  author={Stellato, Armando and Rajbhandari, Sachit and Turbati, Andrea and Fiorelli, Manuel and Caracciolo, Caterina and Lorenzetti, Tiziano and Keizer, Johannes and Pazienza, Maria Teresa},
  booktitle={European Semantic Web Conference},
  pages={38--53},
  year={2015},
  organization={Springer}
}

@article{gene2007gene,
  title={The gene ontology project in 2008},
  author={Gene Ontology Consortium},
  journal={Nucleic acids research},
  volume={36},
  number={suppl\_1},
  pages={D440--D444},
  year={2007},
  publisher={Oxford University Press}
}




@inproceedings{Doerpinghaus24EtAlSEMPDS2018,
  title={SCAIView – A Semantic Search Engine for Biomedical Research Utilizing a Microservice Architecture},
  author={Jens D\"orpinghaus and Jürgen Klein and Johannes Darms and Sumit Madan and Marc Jacobs},
  booktitle={Proceedings of the Posters and Demos Track of the 14th International Conference on Semantic Systems - SEMANTiCS2018},
  year={2018}
}


@article{CCO,
  title={The Cell Cycle Ontology: an application ontology for the representation and integrated analysis of the cell cycle process},
  author={Antezana, Erick and Ega{\~n}a, Mikel and Blond{\'e}, Ward and Illarramendi, Aitzol and Bilbao, I{\~n}aki and De Baets, Bernard and Stevens, Robert and Mironov, Vladimir and Kuiper, Martin},
  journal={Genome Biology},
  volume={10},
  number={5},
  pages={R58},
  year={2009},
  publisher={BioMed Central}
}

@article{RETO_REXO_GEXO,
  title={Finding gene regulatory network candidates using the gene expression knowledge base},
  author={Venkatesan, Aravind and Tripathi, Sushil and de Galdeano, Alejandro Sanz and Blond{\'e}, Ward and L{\ae}greid, Astrid and Mironov, Vladimir and Kuiper, Martin},
  journal={BMC bioinformatics},
  volume={15},
  number={1},
  pages={386},
  year={2014},
  publisher={BioMed Central}
}

@incollection{NBO,
  title={The neurobehavior ontology: an ontology for annotation and integration of behavior and behavioral phenotypes},
  author={Gkoutos, Georgios V and Schofield, Paul N and Hoehndorf, Robert},
  booktitle={International review of neurobiology},
  volume={103},
  pages={69--87},
  year={2012},
  publisher={Elsevier}
}

@inproceedings{BAO,
  title={Evolving BioAssay Ontology (BAO): modularization, integration and applications},
  author={Abeyruwan, Saminda and Vempati, Uma D and K{\"u}{\c{c}}{\"u}k-McGinty, Hande and Visser, Ubbo and Koleti, Amar and Mir, Ahsan and Sakurai, Kunie and Chung, Caty and Bittker, Joshua A and Clemons, Paul A and others},
  booktitle={Journal of biomedical semantics},
  volume={5},
  number={1},
  pages={S5},
  year={2014},
  organization={BioMed Central}
}

@inproceedings{VoCol,
  author    = {Lavdim Halilaj and
               Niklas Petersen and
               Irl{\'{a}}n Grangel{-}Gonz{\'{a}}lez and
               Christoph Lange and
               S{\"{o}}ren Auer and
               G{\"{o}}khan Coskun and
               Steffen Lohmann},
  title     = {VoCol: An Integrated Environment to Support Version-Controlled Vocabulary
               Development},
  booktitle = {Knowledge Engineering and Knowledge Management - 20th International
               Conference, {EKAW} 2016, Bologna, Italy, November 19-23, 2016, Proceedings},
  pages     = {303--319},
  year      = {2016},
}

@inproceedings{noy2010ontology,
  title={The ontology life cycle: Integrated tools for editing, publishing, peer review, and evolution of ontologies},
  author={Noy, Natalya and Tudorache, Tania and Nyulas, Csongor and Musen, Mark},
  booktitle={AMIA Annual Symposium Proceedings},
  volume={2010},
  pages={552},
  year={2010},
  organization={American Medical Informatics Association}
}

@article{gutierrez2007introducing,
  title={Introducing time into RDF},
  author={Gutierrez, Claudio and Hurtado, Carlos A and Vaisman, Alejandro},
  journal={IEEE Transactions on Knowledge and Data Engineering},
  volume={19},
  number={2},
  year={2007},
  publisher={IEEE}
}

@inproceedings{hurtado2006reasoning,
  title={Reasoning with temporal constraints in RDF},
  author={Hurtado, Carlos and Vaisman, Alejandro},
  booktitle={International Workshop on Principles and Practice of Semantic Web Reasoning},
  pages={164--178},
  year={2006},
  organization={Springer}
}




@article{protege,
  title={The prot{\'e}g{\'e} project: a look back and a look forward},
  author={Musen, Mark A},
  journal={AI matters},
  volume={1},
  number={4},
  pages={4--12},
  year={2015},
  publisher={ACM}
}

@article{bioportal,
  title={BioPortal: enhanced functionality via new Web services from the National Center for Biomedical Ontology to access and use ontologies in software applications},
  author={Whetzel, Patricia L and Noy, Natalya F and Shah, Nigam H and Alexander, Paul R and Nyulas, Csongor and Tudorache, Tania and Musen, Mark A},
  journal={Nucleic acids research},
  volume={39},
  number={suppl\_2},
  pages={W541--W545},
  year={2011},
  publisher={Oxford University Press}
}

@article{LOD,
    title={Linked data-the story so far},
    author={Bizer, Christian and Heath, Tom and Berners-Lee, Tim},
    journal={International journal on semantic web and information systems},
    volume={5},
    number={3},
    pages={1--22},
    year={2009}
}

@inproceedings{OLS,
  title={A new Ontology Lookup Service at EMBL-EBI.},
  author={Jupp, Simon and Burdett, Tony and Leroy, Catherine and Parkinson, Helen E},
  booktitle={SWAT4LS},
  pages={118--119},
  year={2015}
}

@article{ABEROWL,
  title={Aber-OWL: a framework for ontology-based data access in biology},
  author={Hoehndorf, Robert and Slater, Luke and Schofield, Paul N and Gkoutos, Georgios V},
  journal={BMC bioinformatics},
  volume={16},
  number={1},
  pages={26},
  year={2015},
  publisher={BioMed Central}
}

@inproceedings{BEE,
  title={Ontobee: A Linked Data Server and Browser for Ontology Terms.},
  author={Xiang, Zuoshuang and Mungall, Chris and Ruttenberg, Alan and He, Yongqun},
  booktitle={ICBO},
  year={2011}
}

@inproceedings{klein2002ontoview,
  title={Ontoview: Comparing and versioning ontologies},
  author={Klein, Michel and Fensel, Dieter and Kiryakov, Atanas and Ognyanoff, Damyan},
  booktitle={Collected Posters of First Int. Semantic Web Conf.(ISWC 2002)},
  year={2002}
}

@TechReport{RDF,
  author      = "Richard Cyganiak and David Wood and Markus Lanthaler",
  title       = "{RDF} 1.1 Concepts and Abstract Syntax",
  month       = feb,
  note        = "http://www.w3.org/TR/2014/REC-rdf11-concepts-20140225/",
  year        = "2014",
  bibsource   = "http://w2.syronex.com/jmr/w3c-biblio",
  type        = "{W3C} Recommendation",
  institution = "W3C",
}

@TechReport{OWL,
  author      = "Peter Patel-Schneider and Sebastian Rudolph and Markus Kr{\"{o}}tzsch and Pascal Hitzler and Bijan Parsia",
  title       = "{OWL} 2 Web Ontology Language Primer (Second Edition)",
  month       = dec,
  note        = "http://www.w3.org/TR/2012/REC-owl2-primer-20121211/",
  year        = "2012",
  bibsource   = "http://w2.syronex.com/jmr/w3c-biblio",
  type        = "",
  institution = "W3C",
}

@TechReport{SKOS,
  author      = "Ed Summers and Antoine Isaac",
  title       = "{SKOS} Simple Knowledge Organization System Primer",
  month       = aug,
  note        = "http://www.w3.org/TR/2009/NOTE-skos-primer-20090818/",
  year        = "2009",
  bibsource   = "http://w2.syronex.com/jmr/w3c-biblio",
  type        = "{W3C} Note",
  institution = "W3C",
}

@techreport{NISOZ39,
	type = {Standard},
	key = {ANSI/NISO Z39.19-2005},
	year = {2005},
	title = {Guidelines for the Construction, Format, and Management of Monolingual Controlled Vocabularies},
	volume = {2010},
	address = {Baltimore, Maryland, U.S.A.},
	institution = {National Information Standards Organization}
}

@article{Zeng08,
	author = {Zeng, Marcia},
	year = {2008},
	month = {01},
	pages = {160-182},
	title = {Knowledge organization systems (KOS)},
	volume = {35},
	booktitle = {Knowledge Organization}
}

@article{Zeng07,
	title={Knowledge organization systems (KOS) standards},
	author={Zeng, Marcia and Hlava, Margie and Qin, Jian and Hodge, Gail and Bedford, Denise},
	journal={Proceedings of the Association for Information Science and Technology},
	volume={44},
	number={1},
	pages={1--3},
	year={2007},
	publisher={Wiley Online Library}
}

@book{Hodge2000systems,
  title={Systems of Knowledge Organization for Digital Libraries: Beyond Traditional Authority Files.},
  author={Hodge, Gail},
  year={2000},
  publisher={ERIC}
}

@inproceedings{VocBenchV3,
	title={Towards VocBench 3: Pushing Collaborative Development of Thesauri and Ontologies Further Beyond},
	author={Armando Stellato and Andrea Turbati and Manuel Fiorelli and Tiziano Lorenzetti and Eugeniu Costetchi and Christine Laaboudi and Willem Van Gemert and Johannes Keizer},
	booktitle={NKOS@TPDL},
	year={2017}
}

@article{SemanticTurkey,
	title={Semantic Turkey: A browser-integrated environment for knowledge acquisition and management},
	author={Maria Teresa Pazienza and Noemi Scarpato and Armando Stellato and Andrea Turbati},
	journal={Semantic Web},
	year={2012},
	volume={3},
	pages={279-292}
}

@misc{Mobi,
	title = {Mobi},
	howpublished = {\url{https://mobi.inovexcorp.com/}},
	note = {Letzter Zugriff: 08.04.2018}
}

@misc{RDF4J,
	title = {RDF4J},
	howpublished = {\url{http://rdf4j.org/about/}},
	note = {Letzter Zugriff: 14.06.2018}
}

@article{ThesauriRepresentation,
	title={Advantages of Thesaurus Representation Using the Simple Knowledge Organization System (SKOS) Compared with Proposed Alternatives.},
	author={Pastor-S{\'a}nchez, Juan-Antonio and Mart{\'\i}nez M{\'e}ndez, Francisco Javier and Rodr{\'\i}guez-Mu{\~n}oz, Jos{\'e} Vicente},
	journal={Information Research: An International Electronic Journal},
	volume={14},
	number={4},
	pages={n4},
	year={2009},
	publisher={ERIC}
}

@article{OpenMDR,
	author = {Diane Hillmann and Stuart Sutton and Jon Phipps and Ryan Laundry},
	title = {A Metadata registry from vocabularies up: The NSDL registry project},
	journal = {International Conference on Dublin Core and Metadata Applications},
	volume = {0},
	number = {0},
	year = {2006},
	keywords = {},
	abstract = {The NSDL Metadata Registry is designed to provide humans and machines with the means to discover, create, access and manage metadata schemes, schemas, application profiles, crosswalks and concept mappings. This paper describes the general goals and architecture of the NSDL Metadata Registry as well as issues encountered during the first year of the project's implementation.},
	issn = {1939-1366},	url = {http://dcpapers.dublincore.org/pubs/article/view/840}
}

@article{SemWeb_TimBL,
	ISSN = {00368733, 19467087},
	URL = {http://www.jstor.org/stable/26059207},
	author = {TIM BERNERS-LEE and JAMES HENDLER and ORA LASSILA},
	journal = {Scientific American},
	number = {5},
	pages = {34--43},
	publisher = {Scientific American, a division of Nature America, Inc.},
	title = {THE SEMANTIC WEB},
	volume = {284},
	year = {2001}
}

@misc{LinkedDataTimBL,
	author = {Tim Berners-Lee},
	title = {Linked Data — Design Issues},
	howpublished = {\url{https://www.w3.org/DesignIssues/LinkedData.html}},
	year = {2006},
	note = {Letzter Zugriff: 18.04.2018}
}

@article{SKOSKeyChoices,
	title={Key choices in the design of Simple Knowledge Organization System (SKOS)},
	author={Baker, Thomas and Bechhofer, Sean and Isaac, Antoine and Miles, Alistair and Schreiber, Guus and Summers, Ed},
	journal={Web Semantics: Science, Services and Agents on the World Wide Web},
	volume={20},
	pages={35--49},
	year={2013},
	publisher={Elsevier}
}

@article{LIMBER01,
	author = {Ken Miller and Brian Matthews},
	title = {Having the Right Connections: the LIMBER Project},
	journal = {Journal of Digital Information},
	volume = {1},
	number = {8},
	year = {2006},
	keywords = {},
	issn = {1368-7506},	url = {https://journals.tdl.org/jodi/index.php/jodi/article/view/34}
}

@article{SKOS09Ref,
	title={SKOS simple knowledge organization system reference},
	author={Miles, Alistair and Bechhofer, Sean},
	journal={W3C recommendation},
	volume={18},
	pages={W3C},
	year={2009}
}

@article{RDF99Spec,
  title={Resource description framework (RDF) model and syntax specification},
  author={Lassila, Ora and Swick, Ralph R},
  year={1999}
}

@article{RDFS04,
  title={RDF vocabulary description language 1.0: RDF schema},
  author={Brickley, Dan},
  journal={http://www. w3. org/TR/rdf-schema/},
  year={2004}
}

@article{SPARQL08,
  title={SPARQL query language for RDF},
  author={Prudhommeaux, Eric},
  journal={http://www. w3. org/TR/rdf-sparql-query/},
  year={2008}
}

@inproceedings{OntVersioning,
	title={Ontology versioning on the Semantic Web.},
	author={Klein, Michel CA and Fensel, Dieter},
	booktitle={SWWS},
	pages={75--91},
	year={2001}
}

@inproceedings{Sesame,
	abstract = {RDF and RDF Schema are two W3C standards aimed at enriching the Web with machine-processable semantic data.},
	address = {Berlin, Heidelberg},
	author = {Broekstra, Jeen and Kampman, Arjohn and van Harmelen, Frank},
	booktitle = {The Semantic Web --- ISWC 2002},
	editor = {Horrocks, Ian and Hendler, James},
	isbn = {978-3-540-48005-1},
	pages = {54--68},
	publisher = {Springer Berlin Heidelberg},
	title = {{Sesame: A Generic Architecture for Storing and Querying RDF and RDF Schema}},
	year = {2002}
}

@article{MeSHinRDF,
	title={Transforming the medical subject headings into linked data: creating the authorized version of MeSH in RDF},
	author={Bushman, Barbara and Anderson, David and Fu, Gang},
	journal={Journal of library metadata},
	volume={15},
	number={3-4},
	pages={157--176},
	year={2015},
	publisher={Taylor \& Francis}
}

@article{OBOFoundry07,
	title={The OBO Foundry: coordinated evolution of ontologies to support biomedical data integration},
	author={Smith, Barry and Ashburner, Michael and Rosse, Cornelius and Bard, Jonathan and Bug, William and Ceusters, Werner and Goldberg, Louis J and Eilbeck, Karen and Ireland, Amelia and Mungall, Christopher J and others},
	journal={Nature biotechnology},
	volume={25},
	number={11},
	pages={1251},
	year={2007},
	publisher={Nature Publishing Group}
}

@misc{dcterms,
	author = {DCMI Usage Board},
	title = {DCMI Metadata Terms},
	howpublished = {\url{http://dublincore.org/documents/dcmi-terms/}},
	year = {2012},
	note = {Letzter Zugriff: 05.07.2018}
}

@inproceedings{KAON,
	title={KAON—Towards a large scale semantic web},
	author={Bozsak, Erol and Ehrig, Marc and Handschuh, Siegfried and Hotho, Andreas and Maedche, Alexander and Motik, Boris and Oberle, Daniel and Schmitz, Christoph and Staab, Steffen and Stojanovic, Ljiljana and others},
	booktitle={International Conference on Electronic Commerce and Web Technologies},
	pages={304--313},
	year={2002},
	organization={Springer}
}

@inproceedings{temporalRDF,
	title={Temporal rdf},
	author={Gutierrez, Claudio and Hurtado, Carlos and Vaisman, Alejandro},
	booktitle={European Semantic Web Conference},
	pages={93--107},
	year={2005},
	organization={Springer}
}

@article{owl2009primer,
  title={OWL 2 web ontology language primer},
  author={Hitzler, Pascal and Kr{\"o}tzsch, Markus and Parsia, Bijan and Patel-Schneider, Peter F and Rudolph, Sebastian},
  journal={W3C recommendation},
  volume={27},
  number={1},
  pages={123},
  year={2009},
  publisher={World Wide Web Consortium (W3C)}
}

@inproceedings{OLS2015,
  title={A new Ontology Lookup Service at EMBL-EBI.},
  author={Jupp, Simon and Burdett, Tony and Leroy, Catherine and Parkinson, Helen E},
  booktitle={SWAT4LS},
  pages={118--119},
  year={2015}
}

@incollection{ontologiesPrimer,
  title={Primer on ontologies},
  author={Hastings, Janna},
  booktitle={The Gene Ontology Handbook},
  pages={3--13},
  year={2017},
  publisher={Springer}
}

@inproceedings{SemanticVersioningManager,
	title={Semantic versioning manager: Integrating semversion in prot{\'e}g{\'e}},
	author={Groza, Tudor and V{\"o}lkel, Max and Handschuh, Siegfried},
	booktitle={Presentation Abstracts},
	pages={23},
	year={2006}
}

@article{nestedSets,
  title={Using rational numbers to key nested sets},
  author={Hazel, Dan},
  journal={arXiv preprint arXiv:0806.3115},
  year={2008}
}

@Article{heineckeetal2023,
  author  = {Heinecke, Marcel and Keßler, Catie and Christ, Alexander and Gei, Julia},
  title   = {Jugendliche auf Ausbildungsstellensuche: Ausbildung im Wunschberuf und Bewerbungsaktivitäten : deskriptive Analysen auf Basis der BA/BIBB-Bewerberbefragung 2021},
  pages   = {1 Online-Ressource (16 Seiten)},
  url     = {https://res.bibb.de/vet-repository_781504},
  edition = {Version 1.0},
  journal = {BIBB Discussion Paper},
  year    = {2023},
}

@Dataset{etb2018,
  author       = {Hall, Anja and Hünefeld, Lena and Rohrbach-Schmidt, Daniela},
  date         = {2020},
  editor       = {{Forschungsdatenzentrum im {BIBB}}},
  title        = {BIBB/BAuA-Erwerbstätigen­befragung 2018 – Arbeit und Beruf im Wandel. Erwerb und Verwertung beruflicher Qualifikationen},
  doi          = {10.7803/501.18.1.1.10},
  edition      = {SUF_1.0},
  howpublished = {GESIS Köln},
  location     = {Bonn},
  organization = {Bundesinstitut für Berufsbildung},
}

@Book{tiemann2014,
  author    = {Tiemann, Michael},
  date      = {2014},
  title     = {Homogentität von Berufen},
  publisher = {Bundesinstitut für Berufsbildung},
  subtitle  = {Arbeit und Beruf im Wandel - Ein Blick auf die gesellschaftliche Differenzierung},
}

@Book{maier2021,
  author    = {Maier, Tobias},
  date      = {2021},
  title     = {Die Anwendbarkeit des Erlernten in den wandelnden Bildungs- und Arbeitslandschaften der 1970er- bis 2000er-Jahre},
  publisher = {Bundesinstitut für Berufsbildung},
}

@Reference{ba2010band1,
  date      = {2011},
  editor    = {{Bundesagentur für Arbeit}},
  title     = {Klassifikation der Berufe 2010},
  location  = {Nürnberg},
  maintitle = {Klassifikation der Berufe 2010},
  part      = {1},
  publisher = {{Bundesagentur für Arbeit}},
  subtitle  = {Systematischer und alphabetischer Teil mit Erläuterungen},
}

@Book{hall2011,
  author    = {Hall, Anja},
  date      = {2011},
  title     = {GLeiche Chancen für Frauen und Männer mit Berufsausbildung?},
  editor    = {{Bundesinstitut für Berufsbildung}},
  location  = {Bielefeld, Bonn},
  publisher = {wbv},
  series    = {Berichte zur beruflichen Bildung},
  subtitle  = {Berufswechsel, unterwertige Erwerbstätigkeit und Niedriglohn in Deutschland},
}

@InCollection{tiemannetal2023,
  author    = {Tiemann, Michael and Udelhofen, Stefan and Fournier, Lisa},
  booktitle = {INFORMATIK 2023 - Designing Futures: Zukünfte gestalten},
  title     = {What social media can tell us about essential occupations},
  doi       = {10.18420/inf2023_198},
  isbn      = {978-3-88579-731-9},
  pages     = {1983--1992},
  publisher = {Gesellschaft für Informatik e.V.},
  address   = {Bonn},
  pissn     = {1617-5468},
  year      = {2023},
}



@Comment{jabref-meta: databaseType:biblatex;}



@book{newman2010networks,
  title={Networks: An Introduction},
  author={Newman, M. E. J.},
  year={2010},
  publisher={Oxford University Press},
}

@article{albert2000error,
  title={Error and attack tolerance of complex networks},
  author={Albert, R. and Jeong, H. and Barabasi, A.L.},
  year={2000},
  journal={Nature}
}

@article{broido2019scale,
  title={Scale-free networks are rare},
  author={Broido, Anna D. and Clauset, Aaron},
  journal={Nature communications},
  volume={10},
  number={1},
  pages={1--12},
  year={2019},
  publisher={Nature Publishing Group}
}

@article{arnold2011nonparametric,
  title={Nonparametric Goodness-of-Fit Tests for Discrete Null Distributions},
  author={Arnold, Taylor B. and Emerson, John W.},
  journal={R Journal},
  volume={3},
  number={2},
  pages={34--39},
  year={2011},
  publisher={The R Foundation}
}

@article{clauset2009power,
  title={Power-law distributions in empirical data},
  author={Clauset, Aaron and Shalizi, Cosma Rohilla and Newman, M. E. J.},
  journal={SIAM review},
  volume={51},
  number={4},
  pages={661--703},
  year={2009},
  publisher={SIAM}
}

@article{albert2002statistical,
  title={Statistical mechanics of complex networks},
  author={Albert, R{\'e}ka and Barab{\'a}si, Albert-L{\'a}szl{\'o}},
  journal={Reviews of Modern Physics},
  volume={74},
  number={1},
  pages={47--77},
  year={2002},
  publisher={American Physical Society}
}

@article{wandelt2018comparative,
  title={A comparative analysis of approaches to network-dismantling},
  author={Wandelt, Sebastian and Sun, Xiaoran and Feng, Daozhong and Zanin, Massimiliano and Havlin, Shlomo },
  journal={Scientific Reports},
  volume={8},
  pages={13513},
  year={2018},
  doi={10.1038/s41598-018-31902-8}
}

@inbook{inbook,
author = {Jenelius, Erik and Mattsson, Lars-Göran},
year = {2020},
month = {05},
pages = {},
title = {Resilience of Transport Systems}
}

@article{holme2002attack,
  title={Attack vulnerability of complex networks},
  author={Holme, P. and Kim, B.J. and Yoon, C.N. and Han, S.K.},
  year={2002},
  journal={Physical Review E}
}

@article{smith2015edge,
  title={Edge removal and network reconstruction in biological networks},
  author={Smith, J. and Johnson, L.},
  journal={PLoS ONE},
  volume={10},
  number={7},
  pages={e0131180},
  year={2015},
  publisher={Public Library of Science}
}

@article{bellingeri2020comparative,
  title={A comparative analysis of link removal strategies in real complex weighted networks},
  author={Bellingeri, Michele and Bevacqua, Daniele and Scotognella, Francesco and et al.},
  journal={Scientific Reports},
  volume={10},
  number={1},
  pages={3911},
  year={2020},
  doi={10.1038/s41598-020-60298-7}
}

@article{latora2001efficient,
  title={Efficient Behavior of Small-World Networks},
  author={Latora, Vito and Marchiori, Massimo},
  journal={Physical Review Letters},
  volume={87},
  number={19},
  pages={198701},
  year={2001},
}

@article{caldu2018structural,
  title={Structural robustness of mammalian transcription factor networks reveals plasticity across development},
  author={Caldu-Primo, Jose L and Alvarez-Buylla, Elena R and Davila-Velderrain, Jose},
  journal={Scientific Reports},
  volume={8},
  number={1},
  pages={1--15},
  year={2018},
}

@article{yang2017small,
  title={Small vulnerable sets determine large network cascades in power grids},
  author={Yang, Yang and Nishikawa, Takashi and Motter, Adilson E},
  journal={Science},
  volume={358},
  year={2017},
}

@article{gallos2005stability,
  title={Stability and topology of scale-free networks under attack and defense strategies},
  author={Gallos, Lazaros K and Cohen, Reuven and Argyrakis, Panos and Bunde, Armin and Havlin, Shlomo},
  journal={Physical Review Letters},
  volume={94},
  number={18},
  pages={188701},
  year={2005},
}

@article{zanin2013modelling,
  title={Modelling the air transport with complex networks: A short review},
  author={Zanin, Massimiliano and Lillo, Fabrizio},
  journal={The European Physical Journal Special Topics},
  volume={215},
  pages={5--21},
  year={2013},
}

@article{schneider2011mitigation,
  title={Mitigation of malicious attacks on networks},
  author={Schneider, Christoforos N and Koutsopoulos, Iordanis},
  journal={Proceedings of the ACM SIGMETRICS joint international conference on Measurement and modeling of computer systems},
  year={2011}
}

@article{baltar2012unintended,
  title={Unintended consequences and new challenges of online social systems: Methods, challenges, and applications},
  author={Baltar, Fabiola and Brunet, Ignasi},
  journal={Journal of Information Technology \& Politics},
  volume={9},
  number={1},
  pages={1--20},
  year={2012},
  publisher={Taylor \& Francis}
}

@article{Bellingeri_2014,
   title={Efficiency of attack strategies on complex model and real-world networks},
   volume={414},
   ISSN={0378-4371},
   url={http://dx.doi.org/10.1016/j.physa.2014.06.079},
   DOI={10.1016/j.physa.2014.06.079},
   journal={Physica A: Statistical Mechanics and its Applications},
   publisher={Elsevier BV},
   author={Bellingeri, Michele and Cassi, Davide and Vincenzi, Simone},
   year={2014},
   month=nov, pages={174–180} 
}

@article{callaway2000network,
  title={Network robustness and fragility: Percolation on random graphs},
  author={Callaway, Duncan S and Newman, M E J and Strogatz, Steven H and Watts, Duncan J},
  journal={Physical Review Letters},
  volume={85},
  number={25},
  pages={5468},
  year={2000},
  publisher={APS}
}

@article{chen2019community,
  title={Community detection in complex networks using edge-deleting with restrictions},
  author={Chen, Xiangtao and Li, Juan},
  journal={Physica A: Statistical Mechanics and its Applications},
  volume={519},
  pages={181--194},
  year={2019},
  issn={0378-4371},
  doi={10.1016/j.physa.2018.12.023},
  url={https://www.sciencedirect.com/science/article/pii/S0378437118315358}
}

@inproceedings{ksdegree2014,
  title={Quantification and Comparison of Degree Distributions in Complex Networks},
  author={Aliakbary, Sadegh and Habibi, Jafar and Movaghar, Ali},
  booktitle={7th International Symposium on Telecommunications (IST)},
  year={2014},
  month={September},
  doi={10.1109/ISTEL.2014.7000748},
  source={arXiv},
  address={Tehran, Iran}
}

@article{faloutsos1999structure,
  author = "Faloutsos, M. and Faloutsos, P. and Faloutsos, C.",
  title = "The Structure of the Internet Graph",
  journal = "IEEE/ACM Transactions on Networking",
  volume = "7",
  number = "3",
  pages = "397-412",
  year = "1999"
}

@misc{table_crit_values_ks,
    title = {Table of Critical Values for the Two-Sample Test},
    howpublished = {\url{https://web.archive.org/web/20130613002106/http://www.soest.hawaii.edu/wessel/courses/gg313/Critical_KS.pdf}},
    note = {Memento from June 13, 2013 in the Internet Archive},
    url = {https://web.archive.org/web/20130613002106/http://www.soest.hawaii.edu/wessel/courses/gg313/Critical_KS.pdf},
    file = {PDF; 177 kB},
}

@book{EngineeringStatisticsHandbook,
  title = {Engineering Statistics Handbook},
  author = {Chakravarti, I. M. and Laha, R. G. and Roy, J.},
  year = {1967},
  publisher = {John Wiley and Sons},
  address = {New York, NY},
  pages = {392-394},
}

@article{kossinets2006empirical,
  title={Empirical analysis of an evolving social network},
  author={Kossinets, Gueorgi and Watts, Duncan J},
  journal={Science},
  volume={311},
  pages={88--90},
  year={2006},
  publisher={American Association for the Advancement of Science},
  doi={10.1126/science.1116869},
}

@article{cramer1928composition,
  title={On the composition of elementary errors},
  author={Cramér, Harald},
  journal={Skandinavisk Aktuarietidskrift},
  volume={11},
  pages={141--180},
  year={1928}
}

@book{vonmises1928wahrscheinlichkeit,
  title={Wahrscheinlichkeit, Statistik und Wahrheit},
  author={von Mises, Richard},
  publisher={Julius Springer},
  address={Vienna, Austria},
  year={1928},
}

@article{anderson1962distribution,
  title={On the distribution of the two-sample Cramer-von-Mises criterion},
  author={Anderson, Theodore W},
  journal={The Annals of Mathematical Statistics},
  year={1962},
  pages={1148--1159}
}

@article{stephens1974edf,
  title={EDF Statistics for Goodness of Fit and Some Comparisons},
  author={Stephens, M. A.},
  journal={Journal of the American Statistical Association},
  volume={69},
  number={347},
  pages={730--737},
  year={1974},
}

@article{hagberg2008exploring,
  title={Exploring network structure, dynamics, and function using NetworkX},
  author={Hagberg, Aric A and Schult, Daniel A and Swart, Pieter J},
  journal={Proceedings of the 7th Python in Science Conference (SciPy 2008)},
  volume={11},
  pages={11--15},
  year={2008}
}
@book{newman2018networks,
  title={Networks},
  author={Newman, Mark EJ},
  year={2018},
  publisher={Oxford University Press}
}
@article{estrada2005subgraph,
  title={Subgraph centrality in complex networks},
  author={Estrada, Ernesto},
  journal={Physical Review E},
  volume={71},
  number={5},
  pages={056103},
  year={2005},
  publisher={APS}
}
@article{barabasi1999emergence,
  title={Emergence of scaling in random networks},
  author={Barab{\'a}si, A. L. and Albert, R.},
  journal={Science},
  volume={286},
  number={5439},
  pages={509--512},
  year={1999},
}
@book{newman2003structure,
  title={The Structure and Dynamics of Networks},
  author={Newman, M.E.J.},
  year={2003},
  publisher={Princeton University Press}
}
@article{dorpinghaus2022context,
  title={Context mining and graph queries on giant biomedical knowledge graphs},
  author={D{\"o}rpinghaus, Jens and Stefan, Andreas and Schultz, Bruce and Jacobs, Marc},
  journal={Knowledge and Information Systems},
  volume={64},
  number={5},
  pages={1239--1262},
  year={2022},
  publisher={Springer}
}
@article{dorpinghaus2022centrality,
  title={Centrality Measures in multi-layer Knowledge Graphs},
  author={D{\"o}rpinghaus, Jens and Weil, Vera and D{\"u}ing, Carsten and Sommer, Martin W},
  journal={Annals of Computer Science and Information Systems},
  volume={32},
  pages={163--170},
  year={2022}
}

@inproceedings{dorpinghaus2022novel,
  title={A novel link prediction approach on clinical knowledge graphs utilising graph structures},
  author={D{\"o}rpinghaus, Jens and H{\"u}benthal, Tobias and Faber, Jennifer},
  booktitle={2022 17th Conference on Computer Science and Intelligence Systems (FedCSIS)},
  pages={43--52},
  year={2022},
  organization={IEEE}
}
@inproceedings{dahhani2023graph,
  title={A Graph Matching Algorithm to extend Wise Systems with Semantic},
  author={Dahhani, Abdelhafid and Alloui, Ilham and Monnet, S{\'e}bastien and Vernier, Flavien},
  booktitle={2023 18th Conference on Computer Science and Intelligence Systems (FedCSIS)},
  pages={411--420},
  year={2023},
  organization={IEEE}
}